type,exchange,symbol,timestamp,side,bids,asks,price,size
snapshot,binance,BTC/USDT,1700000000000,,"[[99999.99, 0.527], [99998.86, 3.1404], [99997.32, 2.0343], [99992.54, 1.6814], [99994.85, 0.2099], [99989.59, 4.1407], [99982.07, 4.1942], [99982.76, 2.1042], [99989.57, 2.2734], [99986.08, 2.9537]]","[[100000.01, 4.8224], [100002.27, 2.2283], [100002.85, 4.6329], [100004.95, 0.4391], [100009.21, 0.7664], [100007.98, 1.9569], [100007.59, 0.7061], [100013.88, 2.2739], [100009.84, 4.4778], [100016.18, 2.1118]]",,
incremental,binance,BTC/USDT,1700000000100,bid,,,99999.99,0.0
incremental,binance,BTC/USDT,1700000000200,ask,,,100000.01,0.0
incremental,binance,BTC/USDT,1700000000300,ask,,,100006.35,1.5499
incremental,binance,BTC/USDT,1700000000400,ask,,,100012.1,1.5956
incremental,binance,BTC/USDT,1700000000500,bid,,,99985.18,4.0376
incremental,binance,BTC/USDT,1700000000600,bid,,,99980.87,2.2009
incremental,binance,BTC/USDT,1700000000700,bid,,,99982.33,2.2396
incremental,binance,BTC/USDT,1700000000800,ask,,,100002.4,1.2927
incremental,binance,BTC/USDT,1700000000900,bid,,,99997.05,4.4215
incremental,binance,BTC/USDT,1700000001000,ask,,,100009.84,0.0
incremental,binance,BTC/USDT,1700000001100,bid,,,99998.86,0.0
incremental,binance,BTC/USDT,1700000001200,ask,,,100009.72,0.1904
incremental,binance,BTC/USDT,1700000001300,bid,,,99987.78,4.8974
incremental,binance,BTC/USDT,1700000001400,ask,,,100018.51,1.8993
incremental,binance,BTC/USDT,1700000001500,ask,,,100002.4,0.0
incremental,binance,BTC/USDT,1700000001600,ask,,,100009.72,0.0
incremental,binance,BTC/USDT,1700000001700,bid,,,99992.48,2.6232
incremental,binance,BTC/USDT,1700000001800,bid,,,99984.7,2.6888
incremental,binance,BTC/USDT,1700000001900,ask,,,100004.94,3.7741
incremental,binance,BTC/USDT,1700000002000,ask,,,100008.73,2.4156
incremental,binance,BTC/USDT,1700000002100,ask,,,100005.55,0.5612
incremental,binance,BTC/USDT,1700000002200,bid,,,99981.96,3.5676
incremental,binance,BTC/USDT,1700000002300,bid,,,99982.7,1.1113
incremental,binance,BTC/USDT,1700000002400,ask,,,100015.43,2.6347
incremental,binance,BTC/USDT,1700000002500,bid,,,99991.64,0.6473
incremental,binance,BTC/USDT,1700000002600,ask,,,100015.36,1.7448
incremental,binance,BTC/USDT,1700000002700,ask,,,100008.58,4.5896
incremental,binance,BTC/USDT,1700000002800,bid,,,99993.43,1.8484
incremental,binance,BTC/USDT,1700000002900,ask,,,100007.5,4.8452
incremental,binance,BTC/USDT,1700000003000,bid,,,99982.22,1.353
incremental,binance,BTC/USDT,1700000003100,bid,,,99983.15,2.7168
incremental,binance,BTC/USDT,1700000003200,bid,,,99984.53,2.77
incremental,binance,BTC/USDT,1700000003300,ask,,,100016.46,3.4385
incremental,binance,BTC/USDT,1700000003400,ask,,,100010.18,0.5841
incremental,binance,BTC/USDT,1700000003500,bid,,,99992.54,0.0
incremental,binance,BTC/USDT,1700000003600,bid,,,99994.35,3.4853
incremental,binance,BTC/USDT,1700000003700,bid,,,99992.48,0.0
incremental,binance,BTC/USDT,1700000003800,bid,,,99989.0,0.5562
incremental,binance,BTC/USDT,1700000003900,ask,,,100020.02,2.0596
incremental,binance,BTC/USDT,1700000004000,bid,,,99990.76,1.6567
incremental,binance,BTC/USDT,1700000004100,bid,,,99987.64,0.9885
incremental,binance,BTC/USDT,1700000004200,bid,,,99984.56,3.6126
incremental,binance,BTC/USDT,1700000004300,ask,,,100015.43,0.0
incremental,binance,BTC/USDT,1700000004400,bid,,,99989.8,2.646
incremental,binance,BTC/USDT,1700000004500,ask,,,100013.11,4.0221
incremental,binance,BTC/USDT,1700000004600,bid,,,99987.03,2.1535
incremental,binance,BTC/USDT,1700000004700,ask,,,100014.35,4.6492
incremental,binance,BTC/USDT,1700000004800,ask,,,100009.21,0.0
incremental,binance,BTC/USDT,1700000004900,ask,,,100011.29,1.5602
incremental,binance,BTC/USDT,1700000005000,bid,,,99994.07,1.943
incremental,binance,BTC/USDT,1700000005100,bid,,,99979.31,2.0932
incremental,binance,BTC/USDT,1700000005200,ask,,,100006.57,4.1418
incremental,binance,BTC/USDT,1700000005300,bid,,,99990.89,4.0901
incremental,binance,BTC/USDT,1700000005400,bid,,,99994.35,0.0
incremental,binance,BTC/USDT,1700000005500,bid,,,99995.36,2.6901
incremental,binance,BTC/USDT,1700000005600,bid,,,99985.92,1.5579
incremental,binance,BTC/USDT,1700000005700,ask,,,100017.35,3.1662
incremental,binance,BTC/USDT,1700000005800,ask,,,100018.5,0.8401
incremental,binance,BTC/USDT,1700000005900,bid,,,99982.33,0.0
incremental,binance,BTC/USDT,1700000006000,ask,,,100005.43,4.9149
incremental,binance,BTC/USDT,1700000006100,bid,,,99993.82,0.1521
incremental,binance,BTC/USDT,1700000006200,bid,,,99990.32,4.6528
incremental,binance,BTC/USDT,1700000006300,bid,,,99989.8,0.0
incremental,binance,BTC/USDT,1700000006400,bid,,,99996.66,3.6839
incremental,binance,BTC/USDT,1700000006500,bid,,,99992.41,1.9515
incremental,binance,BTC/USDT,1700000006600,ask,,,100010.01,1.1746
incremental,binance,BTC/USDT,1700000006700,ask,,,100014.62,2.1729
incremental,binance,BTC/USDT,1700000006800,ask,,,100007.38,2.8771
incremental,binance,BTC/USDT,1700000006900,ask,,,100017.74,0.2142
incremental,binance,BTC/USDT,1700000007000,bid,,,99982.76,0.0
incremental,binance,BTC/USDT,1700000007100,bid,,,99979.31,0.0
incremental,binance,BTC/USDT,1700000007200,bid,,,99997.01,1.1838
incremental,binance,BTC/USDT,1700000007300,bid,,,99997.04,2.0267
incremental,binance,BTC/USDT,1700000007400,bid,,,99992.7,0.6543
incremental,binance,BTC/USDT,1700000007500,ask,,,100006.33,0.7755
incremental,binance,BTC/USDT,1700000007600,bid,,,99984.08,1.2183
incremental,binance,BTC/USDT,1700000007700,bid,,,99982.7,0.0
incremental,binance,BTC/USDT,1700000007800,bid,,,99994.43,4.4489
incremental,binance,BTC/USDT,1700000007900,ask,,,100019.62,3.1963
incremental,binance,BTC/USDT,1700000008000,ask,,,100017.74,0.0
incremental,binance,BTC/USDT,1700000008100,bid,,,99989.56,2.33
incremental,binance,BTC/USDT,1700000008200,ask,,,100006.33,0.0
incremental,binance,BTC/USDT,1700000008300,ask,,,100016.05,3.0852
incremental,binance,BTC/USDT,1700000008400,ask,,,100004.03,2.8632
incremental,binance,BTC/USDT,1700000008500,ask,,,100002.27,0.0
incremental,binance,BTC/USDT,1700000008600,ask,,,100013.07,3.3465
incremental,binance,BTC/USDT,1700000008700,ask,,,100012.95,3.257
incremental,binance,BTC/USDT,1700000008800,ask,,,100019.57,3.991
incremental,binance,BTC/USDT,1700000008900,ask,,,100010.22,0.6733
incremental,binance,BTC/USDT,1700000009000,bid,,,99993.18,2.6275
incremental,binance,BTC/USDT,1700000009100,bid,,,99983.79,2.8316
incremental,binance,BTC/USDT,1700000009200,ask,,,100008.38,4.3495
incremental,binance,BTC/USDT,1700000009300,ask,,,100014.27,0.1116
incremental,binance,BTC/USDT,1700000009400,ask,,,100010.01,0.0
incremental,binance,BTC/USDT,1700000009500,ask,,,100007.61,4.7513
incremental,binance,BTC/USDT,1700000009600,bid,,,99989.6,2.2544
incremental,binance,BTC/USDT,1700000009700,ask,,,100004.07,4.7951
incremental,binance,BTC/USDT,1700000009800,bid,,,99994.19,3.7385
incremental,binance,BTC/USDT,1700000009900,ask,,,100009.36,2.8254
incremental,binance,BTC/USDT,1700000010000,ask,,,100018.24,4.8902
incremental,binance,BTC/USDT,1700000010100,bid,,,99984.66,2.228
incremental,binance,BTC/USDT,1700000010200,bid,,,99984.6,0.586
incremental,binance,BTC/USDT,1700000010300,ask,,,100020.96,0.6676
incremental,binance,BTC/USDT,1700000010400,bid,,,99989.78,4.4444
incremental,binance,BTC/USDT,1700000010500,ask,,,100013.44,2.5356
incremental,binance,BTC/USDT,1700000010600,ask,,,100014.62,0.0
incremental,binance,BTC/USDT,1700000010700,bid,,,99989.52,3.8482
incremental,binance,BTC/USDT,1700000010800,ask,,,100008.85,3.2508
incremental,binance,BTC/USDT,1700000010900,ask,,,100011.47,4.2909
incremental,binance,BTC/USDT,1700000011000,ask,,,100013.05,2.0218
incremental,binance,BTC/USDT,1700000011100,bid,,,99987.64,0.5089
incremental,binance,BTC/USDT,1700000011200,bid,,,99991.45,2.4602
incremental,binance,BTC/USDT,1700000011300,bid,,,99994.46,4.9932
incremental,binance,BTC/USDT,1700000011400,bid,,,99984.66,0.0
incremental,binance,BTC/USDT,1700000011500,ask,,,100002.85,0.0
incremental,binance,BTC/USDT,1700000011600,bid,,,99989.59,0.0
incremental,binance,BTC/USDT,1700000011700,ask,,,100005.54,2.0723
incremental,binance,BTC/USDT,1700000011800,ask,,,100019.47,4.8925
incremental,binance,BTC/USDT,1700000011900,bid,,,99997.04,0.0
incremental,binance,BTC/USDT,1700000012000,bid,,,99984.99,3.8437
incremental,binance,BTC/USDT,1700000012100,bid,,,99988.64,1.7638
incremental,binance,BTC/USDT,1700000012200,bid,,,99986.2,0.2349
incremental,binance,BTC/USDT,1700000012300,ask,,,100021.53,3.6841
incremental,binance,BTC/USDT,1700000012400,ask,,,100012.28,2.5622
incremental,binance,BTC/USDT,1700000012500,ask,,,100013.38,2.228
incremental,binance,BTC/USDT,1700000012600,ask,,,100016.42,1.5998
incremental,binance,BTC/USDT,1700000012700,bid,,,99993.51,0.7418
incremental,binance,BTC/USDT,1700000012800,bid,,,99998.9,2.2905
incremental,binance,BTC/USDT,1700000012900,bid,,,99985.83,0.5277
incremental,binance,BTC/USDT,1700000013000,bid,,,99992.39,3.3438
incremental,binance,BTC/USDT,1700000013100,bid,,,99994.19,0.0
incremental,binance,BTC/USDT,1700000013200,ask,,,100019.21,4.5167
incremental,binance,BTC/USDT,1700000013300,ask,,,100004.94,0.0
incremental,binance,BTC/USDT,1700000013400,ask,,,100020.14,2.5986
incremental,binance,BTC/USDT,1700000013500,ask,,,100022.78,3.9343
incremental,binance,BTC/USDT,1700000013600,ask,,,100012.69,0.812
incremental,binance,BTC/USDT,1700000013700,ask,,,100013.05,3.6753
incremental,binance,BTC/USDT,1700000013800,ask,,,100006.49,4.9336
incremental,binance,BTC/USDT,1700000013900,bid,,,99987.64,0.0
incremental,binance,BTC/USDT,1700000014000,bid,,,99988.43,1.5019
incremental,binance,BTC/USDT,1700000014100,bid,,,99983.09,1.5157
incremental,binance,BTC/USDT,1700000014200,bid,,,99990.76,0.0
incremental,binance,BTC/USDT,1700000014300,ask,,,100020.7,0.541
incremental,binance,BTC/USDT,1700000014400,bid,,,99988.22,3.9213
incremental,binance,BTC/USDT,1700000014500,bid,,,99994.7,2.7311
incremental,binance,BTC/USDT,1700000014600,bid,,,99988.75,4.2856
incremental,binance,BTC/USDT,1700000014700,bid,,,99990.74,1.1035
incremental,binance,BTC/USDT,1700000014800,bid,,,99993.29,4.1878
incremental,binance,BTC/USDT,1700000014900,ask,,,100013.11,0.0
incremental,binance,BTC/USDT,1700000015000,ask,,,100010.28,1.5926
incremental,binance,BTC/USDT,1700000015100,bid,,,99997.43,1.5921
incremental,binance,BTC/USDT,1700000015200,ask,,,100016.05,0.0
incremental,binance,BTC/USDT,1700000015300,bid,,,99994.85,0.0
incremental,binance,BTC/USDT,1700000015400,ask,,,100021.84,4.2815
incremental,binance,BTC/USDT,1700000015500,ask,,,100016.27,0.271
incremental,binance,BTC/USDT,1700000015600,bid,,,99988.25,1.2205
incremental,binance,BTC/USDT,1700000015700,bid,,,99985.41,2.3661
incremental,binance,BTC/USDT,1700000015800,ask,,,100014.54,3.5077
incremental,binance,BTC/USDT,1700000015900,ask,,,100015.68,4.1089
incremental,binance,BTC/USDT,1700000016000,ask,,,100006.72,1.4028
incremental,binance,BTC/USDT,1700000016100,ask,,,100013.12,3.6303
incremental,binance,BTC/USDT,1700000016200,bid,,,99993.05,3.6906
incremental,binance,BTC/USDT,1700000016300,bid,,,99990.84,2.6472
incremental,binance,BTC/USDT,1700000016400,ask,,,100010.95,4.8258
incremental,binance,BTC/USDT,1700000016500,bid,,,99994.43,0.0
incremental,binance,BTC/USDT,1700000016600,bid,,,99990.4,4.6992
incremental,binance,BTC/USDT,1700000016700,bid,,,99996.58,1.9069
incremental,binance,BTC/USDT,1700000016800,ask,,,100018.36,0.3014
incremental,binance,BTC/USDT,1700000016900,ask,,,100007.43,0.3271
incremental,binance,BTC/USDT,1700000017000,ask,,,100019.57,0.0
incremental,binance,BTC/USDT,1700000017100,bid,,,99992.3,3.4159
incremental,binance,BTC/USDT,1700000017200,ask,,,100005.54,0.0
incremental,binance,BTC/USDT,1700000017300,ask,,,100009.08,0.5826
incremental,binance,BTC/USDT,1700000017400,bid,,,99990.71,3.2489
incremental,binance,BTC/USDT,1700000017500,bid,,,99990.89,0.0
incremental,binance,BTC/USDT,1700000017600,bid,,,99997.64,3.3997
incremental,binance,BTC/USDT,1700000017700,bid,,,99990.86,2.356
incremental,binance,BTC/USDT,1700000017800,ask,,,100004.03,0.0
incremental,binance,BTC/USDT,1700000017900,ask,,,100004.07,0.0
incremental,binance,BTC/USDT,1700000018000,bid,,,99984.78,1.15
incremental,binance,BTC/USDT,1700000018100,ask,,,100013.07,0.0
incremental,binance,BTC/USDT,1700000018200,ask,,,100018.11,3.1866
incremental,binance,BTC/USDT,1700000018300,ask,,,100013.44,0.0
incremental,binance,BTC/USDT,1700000018400,ask,,,100004.95,0.0
incremental,binance,BTC/USDT,1700000018500,bid,,,99999.62,3.3407
incremental,binance,BTC/USDT,1700000018600,ask,,,100010.95,1.9241
incremental,binance,BTC/USDT,1700000018700,bid,,,99989.55,3.8601
incremental,binance,BTC/USDT,1700000018800,ask,,,100012.27,1.2356
incremental,binance,BTC/USDT,1700000018900,ask,,,100011.47,0.0
incremental,binance,BTC/USDT,1700000019000,ask,,,100019.95,2.1147
incremental,binance,BTC/USDT,1700000019100,ask,,,100005.55,0.0
incremental,binance,BTC/USDT,1700000019200,ask,,,100005.43,0.0
incremental,binance,BTC/USDT,1700000019300,ask,,,100017.41,1.5127
incremental,binance,BTC/USDT,1700000019400,bid,,,99992.17,0.1499
incremental,binance,BTC/USDT,1700000019500,bid,,,99987.29,3.9902
incremental,binance,BTC/USDT,1700000019600,ask,,,100020.35,2.2347
incremental,binance,BTC/USDT,1700000019700,ask,,,100016.89,4.929
incremental,binance,BTC/USDT,1700000019800,bid,,,99998.9,0.0
incremental,binance,BTC/USDT,1700000019900,bid,,,100002.05,0.6718
incremental,binance,BTC/USDT,1700000020000,bid,,,99996.95,4.1073
incremental,binance,BTC/USDT,1700000020100,bid,,,99999.67,1.3277
incremental,binance,BTC/USDT,1700000020200,bid,,,99993.63,2.3232
incremental,binance,BTC/USDT,1700000020300,bid,,,99992.46,0.4665
incremental,binance,BTC/USDT,1700000020400,bid,,,99996.46,1.9481
incremental,binance,BTC/USDT,1700000020500,bid,,,99986.58,2.4809
incremental,binance,BTC/USDT,1700000020600,ask,,,100010.79,1.1049
incremental,binance,BTC/USDT,1700000020700,bid,,,99981.96,0.0
incremental,binance,BTC/USDT,1700000020800,ask,,,100019.3,4.8368
incremental,binance,BTC/USDT,1700000020900,bid,,,99999.34,2.9836
incremental,binance,BTC/USDT,1700000021000,ask,,,100012.7,4.3415
incremental,binance,BTC/USDT,1700000021100,bid,,,99990.3,1.2323
incremental,binance,BTC/USDT,1700000021200,bid,,,99991.49,0.4618
incremental,binance,BTC/USDT,1700000021300,bid,,,99989.55,0.0
incremental,binance,BTC/USDT,1700000021400,ask,,,100019.14,0.9063
incremental,binance,BTC/USDT,1700000021500,ask,,,100018.51,0.0
incremental,binance,BTC/USDT,1700000021600,bid,,,99996.54,1.0162
incremental,binance,BTC/USDT,1700000021700,ask,,,100019.14,0.0
incremental,binance,BTC/USDT,1700000021800,bid,,,99986.94,1.771
incremental,binance,BTC/USDT,1700000021900,bid,,,99998.26,0.7105
incremental,binance,BTC/USDT,1700000022000,ask,,,100006.35,0.0
incremental,binance,BTC/USDT,1700000022100,ask,,,100018.73,4.2769
incremental,binance,BTC/USDT,1700000022200,ask,,,100018.83,4.9057
incremental,binance,BTC/USDT,1700000022300,bid,,,100000.49,0.9017
incremental,binance,BTC/USDT,1700000022400,bid,,,99997.19,3.8785
incremental,binance,BTC/USDT,1700000022500,bid,,,99998.88,3.8828
incremental,binance,BTC/USDT,1700000022600,bid,,,99986.2,0.0
incremental,binance,BTC/USDT,1700000022700,bid,,,99987.75,3.0081
incremental,binance,BTC/USDT,1700000022800,ask,,,100006.49,0.0
incremental,binance,BTC/USDT,1700000022900,ask,,,100009.08,0.0
incremental,binance,BTC/USDT,1700000023000,bid,,,99987.42,4.881
incremental,binance,BTC/USDT,1700000023100,bid,,,99992.19,3.6514
incremental,binance,BTC/USDT,1700000023200,ask,,,100006.57,0.0
incremental,binance,BTC/USDT,1700000023300,ask,,,100009.4,3.7174
incremental,binance,BTC/USDT,1700000023400,ask,,,100006.72,0.0
incremental,binance,BTC/USDT,1700000023500,bid,,,100003.34,3.0983
incremental,binance,BTC/USDT,1700000023600,ask,,,100010.49,4.8608
incremental,binance,BTC/USDT,1700000023700,bid,,,99996.15,4.1715
incremental,binance,BTC/USDT,1700000023800,bid,,,99986.02,2.3057
incremental,binance,BTC/USDT,1700000023900,ask,,,100025.29,1.0092
incremental,binance,BTC/USDT,1700000024000,ask,,,100009.05,1.8089
incremental,binance,BTC/USDT,1700000024100,bid,,,99990.85,2.0378
incremental,binance,BTC/USDT,1700000024200,bid,,,99998.62,2.0911
incremental,binance,BTC/USDT,1700000024300,bid,,,99994.69,3.2284
incremental,binance,BTC/USDT,1700000024400,ask,,,100011.78,2.0347
incremental,binance,BTC/USDT,1700000024500,ask,,,100013.94,0.7446
incremental,binance,BTC/USDT,1700000024600,ask,,,100014.98,4.5281
incremental,binance,BTC/USDT,1700000024700,ask,,,100008.63,2.1593
incremental,binance,BTC/USDT,1700000024800,ask,,,100023.5,0.9507
incremental,binance,BTC/USDT,1700000024900,ask,,,100020.5,4.4472
incremental,binance,BTC/USDT,1700000025000,ask,,,100016.89,0.0
incremental,binance,BTC/USDT,1700000025100,ask,,,100012.53,2.0405
incremental,binance,BTC/USDT,1700000025200,bid,,,99992.75,3.5826
incremental,binance,BTC/USDT,1700000025300,bid,,,99991.2,1.4059
incremental,binance,BTC/USDT,1700000025400,bid,,,99996.03,1.1966
incremental,binance,BTC/USDT,1700000025500,bid,,,99993.81,2.2714
incremental,binance,BTC/USDT,1700000025600,bid,,,99988.55,2.5856
incremental,binance,BTC/USDT,1700000025700,bid,,,99987.24,2.0197
incremental,binance,BTC/USDT,1700000025800,ask,,,100008.7,4.3233
incremental,binance,BTC/USDT,1700000025900,bid,,,100002.73,0.4591
incremental,binance,BTC/USDT,1700000026000,ask,,,100011.88,2.9897
incremental,binance,BTC/USDT,1700000026100,ask,,,100025.29,2.6335
incremental,binance,BTC/USDT,1700000026200,ask,,,100021.48,1.431
incremental,binance,BTC/USDT,1700000026300,bid,,,99992.58,2.3841
incremental,binance,BTC/USDT,1700000026400,ask,,,100011.03,1.8885
incremental,binance,BTC/USDT,1700000026500,ask,,,100017.56,1.7999
incremental,binance,BTC/USDT,1700000026600,bid,,,99989.11,3.2944
incremental,binance,BTC/USDT,1700000026700,bid,,,99999.77,3.2418
incremental,binance,BTC/USDT,1700000026800,bid,,,99988.53,4.4569
incremental,binance,BTC/USDT,1700000026900,ask,,,100009.3,3.0662
incremental,binance,BTC/USDT,1700000027000,ask,,,100013.86,3.7791
incremental,binance,BTC/USDT,1700000027100,bid,,,99985.72,1.1891
incremental,binance,BTC/USDT,1700000027200,bid,,,99988.13,0.2219
incremental,binance,BTC/USDT,1700000027300,ask,,,100024.8,3.1668
incremental,binance,BTC/USDT,1700000027400,bid,,,99989.27,0.7196
incremental,binance,BTC/USDT,1700000027500,ask,,,100023.79,0.3501
incremental,binance,BTC/USDT,1700000027600,ask,,,100008.9,1.0023
incremental,binance,BTC/USDT,1700000027700,bid,,,99985.21,4.3259
incremental,binance,BTC/USDT,1700000027800,ask,,,100015.24,1.4598
incremental,binance,BTC/USDT,1700000027900,bid,,,99999.9,1.7394
incremental,binance,BTC/USDT,1700000028000,ask,,,100013.38,0.0
incremental,binance,BTC/USDT,1700000028100,ask,,,100022.44,2.2271
incremental,binance,BTC/USDT,1700000028200,ask,,,100007.56,4.619
incremental,binance,BTC/USDT,1700000028300,ask,,,100013.58,4.6655
incremental,binance,BTC/USDT,1700000028400,ask,,,100023.37,0.332
incremental,binance,BTC/USDT,1700000028500,bid,,,99984.61,3.1588
incremental,binance,BTC/USDT,1700000028600,ask,,,100020.83,1.8771
incremental,binance,BTC/USDT,1700000028700,bid,,,99998.03,1.5285
incremental,binance,BTC/USDT,1700000028800,bid,,,100000.41,3.8394
incremental,binance,BTC/USDT,1700000028900,bid,,,99994.95,0.3848
incremental,binance,BTC/USDT,1700000029000,bid,,,99993.27,0.308
incremental,binance,BTC/USDT,1700000029100,bid,,,99998.08,0.593
incremental,binance,BTC/USDT,1700000029200,bid,,,99991.55,4.5684
incremental,binance,BTC/USDT,1700000029300,bid,,,99999.9,0.0
incremental,binance,BTC/USDT,1700000029400,bid,,,99986.74,3.8428
incremental,binance,BTC/USDT,1700000029500,bid,,,100003.34,0.0
incremental,binance,BTC/USDT,1700000029600,bid,,,99996.12,2.5723
incremental,binance,BTC/USDT,1700000029700,bid,,,99983.99,3.3102
incremental,binance,BTC/USDT,1700000029800,ask,,,100007.59,0.7347
incremental,binance,BTC/USDT,1700000029900,bid,,,99999.12,1.5928
incremental,binance,BTC/USDT,1700000030000,ask,,,100019.08,0.9601
incremental,binance,BTC/USDT,1700000030100,ask,,,100018.45,3.7422
incremental,binance,BTC/USDT,1700000030200,ask,,,100020.5,0.0
incremental,binance,BTC/USDT,1700000030300,ask,,,100019.44,2.4898
incremental,binance,BTC/USDT,1700000030400,ask,,,100006.87,1.0855
incremental,binance,BTC/USDT,1700000030500,bid,,,100002.73,0.0
incremental,binance,BTC/USDT,1700000030600,bid,,,99994.08,0.1095
incremental,binance,BTC/USDT,1700000030700,ask,,,100020.11,3.1134
incremental,binance,BTC/USDT,1700000030800,ask,,,100020.96,0.0
incremental,binance,BTC/USDT,1700000030900,bid,,,99985.13,1.8452
incremental,binance,BTC/USDT,1700000031000,bid,,,99989.6,0.0
incremental,binance,BTC/USDT,1700000031100,ask,,,100009.11,0.3565
incremental,binance,BTC/USDT,1700000031200,ask,,,100013.9,2.2812
incremental,binance,BTC/USDT,1700000031300,bid,,,99986.12,0.2978
incremental,binance,BTC/USDT,1700000031400,ask,,,100009.32,4.8137
incremental,binance,BTC/USDT,1700000031500,ask,,,100019.85,2.0124
incremental,binance,BTC/USDT,1700000031600,ask,,,100019.26,1.5655
incremental,binance,BTC/USDT,1700000031700,ask,,,100009.3,0.0
incremental,binance,BTC/USDT,1700000031800,bid,,,99991.93,1.7714
incremental,binance,BTC/USDT,1700000031900,bid,,,99998.47,0.6669
incremental,binance,BTC/USDT,1700000032000,ask,,,100007.53,0.8261
incremental,binance,BTC/USDT,1700000032100,bid,,,100001.27,2.9583
incremental,binance,BTC/USDT,1700000032200,ask,,,100021.85,1.3571
incremental,binance,BTC/USDT,1700000032300,bid,,,99994.17,0.9538
incremental,binance,BTC/USDT,1700000032400,ask,,,100016.92,4.4251
incremental,binance,BTC/USDT,1700000032500,bid,,,99995.4,2.7102
incremental,binance,BTC/USDT,1700000032600,ask,,,100015.35,1.2914
incremental,binance,BTC/USDT,1700000032700,bid,,,99988.22,0.0
incremental,binance,BTC/USDT,1700000032800,bid,,,99992.47,1.7253
incremental,binance,BTC/USDT,1700000032900,bid,,,100002.05,0.0
incremental,binance,BTC/USDT,1700000033000,bid,,,99989.01,2.2614
incremental,binance,BTC/USDT,1700000033100,ask,,,100016.86,1.4814
incremental,binance,BTC/USDT,1700000033200,ask,,,100023.37,0.0
incremental,binance,BTC/USDT,1700000033300,ask,,,100020.11,1.619
incremental,binance,BTC/USDT,1700000033400,bid,,,99993.82,0.0
incremental,binance,BTC/USDT,1700000033500,bid,,,99983.84,2.3931
incremental,binance,BTC/USDT,1700000033600,bid,,,99986.15,4.7926
incremental,binance,BTC/USDT,1700000033700,bid,,,99983.4,0.72
incremental,binance,BTC/USDT,1700000033800,bid,,,99986.55,2.9355
incremental,binance,BTC/USDT,1700000033900,bid,,,99994.15,2.1427
incremental,binance,BTC/USDT,1700000034000,bid,,,100001.27,0.0
incremental,binance,BTC/USDT,1700000034100,ask,,,100007.95,1.5728
incremental,binance,BTC/USDT,1700000034200,bid,,,99990.4,0.0
incremental,binance,BTC/USDT,1700000034300,ask,,,100012.69,0.0
incremental,binance,BTC/USDT,1700000034400,ask,,,100015.36,0.0
incremental,binance,BTC/USDT,1700000034500,bid,,,99998.65,4.7296
incremental,binance,BTC/USDT,1700000034600,bid,,,99997.49,3.3346
incremental,binance,BTC/USDT,1700000034700,bid,,,99993.27,0.0
incremental,binance,BTC/USDT,1700000034800,ask,,,100020.97,4.2458
incremental,binance,BTC/USDT,1700000034900,ask,,,100005.72,3.368
incremental,binance,BTC/USDT,1700000035000,ask,,,100013.45,3.7969
incremental,binance,BTC/USDT,1700000035100,ask,,,100012.88,3.1917
incremental,binance,BTC/USDT,1700000035200,ask,,,100013.54,3.1815
incremental,binance,BTC/USDT,1700000035300,ask,,,100015.36,3.9655
incremental,binance,BTC/USDT,1700000035400,ask,,,100008.28,4.9474
incremental,binance,BTC/USDT,1700000035500,ask,,,100012.26,0.6918
incremental,binance,BTC/USDT,1700000035600,bid,,,99997.95,4.1604
incremental,binance,BTC/USDT,1700000035700,ask,,,100006.87,1.0206
incremental,binance,BTC/USDT,1700000035800,ask,,,100012.37,1.4064
incremental,binance,BTC/USDT,1700000035900,bid,,,99993.73,0.3045
incremental,binance,BTC/USDT,1700000036000,ask,,,100007.43,0.0
incremental,binance,BTC/USDT,1700000036100,ask,,,100013.37,0.9768
incremental,binance,BTC/USDT,1700000036200,ask,,,100006.48,2.7483
incremental,binance,BTC/USDT,1700000036300,ask,,,100019.14,0.72
incremental,binance,BTC/USDT,1700000036400,bid,,,99986.63,3.8449
incremental,binance,BTC/USDT,1700000036500,ask,,,100005.09,1.9974
incremental,binance,BTC/USDT,1700000036600,bid,,,99981.54,0.528
incremental,binance,BTC/USDT,1700000036700,ask,,,100005.21,1.9604
incremental,binance,BTC/USDT,1700000036800,bid,,,100000.49,0.0
incremental,binance,BTC/USDT,1700000036900,bid,,,99990.02,2.2547
incremental,binance,BTC/USDT,1700000037000,bid,,,100000.41,0.0
incremental,binance,BTC/USDT,1700000037100,ask,,,100019.82,2.8516
incremental,binance,BTC/USDT,1700000037200,ask,,,100010.85,2.0476
incremental,binance,BTC/USDT,1700000037300,ask,,,100019.15,3.8598
incremental,binance,BTC/USDT,1700000037400,bid,,,99982.78,2.1158
incremental,binance,BTC/USDT,1700000037500,ask,,,100011.2,1.5531
incremental,binance,BTC/USDT,1700000037600,ask,,,100015.42,1.4393
incremental,binance,BTC/USDT,1700000037700,ask,,,100018.7,0.8802
incremental,binance,BTC/USDT,1700000037800,ask,,,100013.99,1.2817
incremental,binance,BTC/USDT,1700000037900,ask,,,100014.4,0.6953
incremental,binance,BTC/USDT,1700000038000,ask,,,100004.1,4.6362
incremental,binance,BTC/USDT,1700000038100,bid,,,99999.77,0.0
incremental,binance,BTC/USDT,1700000038200,ask,,,100004.0,4.1461
incremental,binance,BTC/USDT,1700000038300,bid,,,99980.87,0.7146
incremental,binance,BTC/USDT,1700000038400,ask,,,100007.86,4.3451
incremental,binance,BTC/USDT,1700000038500,bid,,,99995.19,0.6303
incremental,binance,BTC/USDT,1700000038600,bid,,,99989.99,4.2482
incremental,binance,BTC/USDT,1700000038700,ask,,,100011.88,0.0
incremental,binance,BTC/USDT,1700000038800,bid,,,99987.8,4.5654
incremental,binance,BTC/USDT,1700000038900,ask,,,100014.13,1.5741
incremental,binance,BTC/USDT,1700000039000,ask,,,100019.2,4.9937
incremental,binance,BTC/USDT,1700000039100,ask,,,100003.26,1.6881
incremental,binance,BTC/USDT,1700000039200,bid,,,99999.62,0.0
incremental,binance,BTC/USDT,1700000039300,bid,,,99999.67,0.0
incremental,binance,BTC/USDT,1700000039400,bid,,,99993.75,4.8729
incremental,binance,BTC/USDT,1700000039500,bid,,,99991.43,1.9944
incremental,binance,BTC/USDT,1700000039600,bid,,,99999.34,0.0
incremental,binance,BTC/USDT,1700000039700,bid,,,99979.91,4.1583
incremental,binance,BTC/USDT,1700000039800,ask,,,100008.52,4.442
incremental,binance,BTC/USDT,1700000039900,bid,,,99994.07,0.0
incremental,binance,BTC/USDT,1700000040000,bid,,,99999.12,0.0
incremental,binance,BTC/USDT,1700000040100,bid,,,99987.9,0.5938
incremental,binance,BTC/USDT,1700000040200,ask,,,100005.01,1.2801
incremental,binance,BTC/USDT,1700000040300,ask,,,100012.37,0.0
incremental,binance,BTC/USDT,1700000040400,bid,,,99998.88,0.0
incremental,binance,BTC/USDT,1700000040500,ask,,,100008.39,3.869
incremental,binance,BTC/USDT,1700000040600,bid,,,99994.99,3.1614
incremental,binance,BTC/USDT,1700000040700,bid,,,99998.62,0.0
incremental,binance,BTC/USDT,1700000040800,bid,,,99998.65,0.0
incremental,binance,BTC/USDT,1700000040900,bid,,,99988.4,1.7059
incremental,binance,BTC/USDT,1700000041000,bid,,,99998.47,0.0
incremental,binance,BTC/USDT,1700000041100,bid,,,99979.91,1.1489
incremental,binance,BTC/USDT,1700000041200,ask,,,100016.13,4.1506
incremental,binance,BTC/USDT,1700000041300,ask,,,100007.84,2.415
incremental,binance,BTC/USDT,1700000041400,ask,,,100006.59,4.4286
incremental,binance,BTC/USDT,1700000041500,bid,,,99990.84,3.8223
incremental,binance,BTC/USDT,1700000041600,bid,,,99982.59,3.1821
incremental,binance,BTC/USDT,1700000041700,bid,,,99998.26,0.0
incremental,binance,BTC/USDT,1700000041800,bid,,,99996.08,0.7227
incremental,binance,BTC/USDT,1700000041900,bid,,,99998.03,0.0
incremental,binance,BTC/USDT,1700000042000,bid,,,99998.08,0.0
incremental,binance,BTC/USDT,1700000042100,bid,,,99985.88,2.751
incremental,binance,BTC/USDT,1700000042200,bid,,,99997.95,0.0
incremental,binance,BTC/USDT,1700000042300,bid,,,99994.86,1.5054
incremental,binance,BTC/USDT,1700000042400,ask,,,100002.83,0.9569
incremental,binance,BTC/USDT,1700000042500,bid,,,99997.64,0.0
incremental,binance,BTC/USDT,1700000042600,bid,,,99982.17,3.2038
incremental,binance,BTC/USDT,1700000042700,ask,,,100003.26,0.0
incremental,binance,BTC/USDT,1700000042800,ask,,,100013.84,0.7638
incremental,binance,BTC/USDT,1700000042900,bid,,,99994.86,0.2677
incremental,binance,BTC/USDT,1700000043000,ask,,,100005.05,4.8594
incremental,binance,BTC/USDT,1700000043100,ask,,,100013.33,2.9252
incremental,binance,BTC/USDT,1700000043200,bid,,,99986.25,4.7757
incremental,binance,BTC/USDT,1700000043300,bid,,,99994.3,2.5748
incremental,binance,BTC/USDT,1700000043400,ask,,,100010.81,3.851
incremental,binance,BTC/USDT,1700000043500,ask,,,100006.04,3.191
incremental,binance,BTC/USDT,1700000043600,bid,,,99986.31,0.39
incremental,binance,BTC/USDT,1700000043700,bid,,,99982.34,4.8425
incremental,binance,BTC/USDT,1700000043800,ask,,,100015.07,0.5468
incremental,binance,BTC/USDT,1700000043900,bid,,,99997.32,0.0
incremental,binance,BTC/USDT,1700000044000,bid,,,99997.43,0.0
incremental,binance,BTC/USDT,1700000044100,bid,,,99997.49,0.0
incremental,binance,BTC/USDT,1700000044200,ask,,,100002.91,1.5449
incremental,binance,BTC/USDT,1700000044300,bid,,,99997.19,0.0
incremental,binance,BTC/USDT,1700000044400,bid,,,99985.88,1.2714
incremental,binance,BTC/USDT,1700000044500,ask,,,100003.74,3.3332
incremental,binance,BTC/USDT,1700000044600,ask,,,100008.88,2.8139
incremental,binance,BTC/USDT,1700000044700,bid,,,99997.05,0.0
incremental,binance,BTC/USDT,1700000044800,bid,,,99997.01,0.0
incremental,binance,BTC/USDT,1700000044900,ask,,,100019.44,0.0
incremental,binance,BTC/USDT,1700000045000,bid,,,99996.95,0.0
incremental,binance,BTC/USDT,1700000045100,bid,,,99989.56,3.4434
incremental,binance,BTC/USDT,1700000045200,bid,,,99985.27,4.033
incremental,binance,BTC/USDT,1700000045300,ask,,,100006.91,4.2099
incremental,binance,BTC/USDT,1700000045400,bid,,,99996.66,0.0
incremental,binance,BTC/USDT,1700000045500,bid,,,99978.87,3.0972
incremental,binance,BTC/USDT,1700000045600,bid,,,99989.79,4.8761
incremental,binance,BTC/USDT,1700000045700,ask,,,100014.29,4.0765
incremental,binance,BTC/USDT,1700000045800,bid,,,99986.9,2.6304
incremental,binance,BTC/USDT,1700000045900,bid,,,99996.58,0.0
incremental,binance,BTC/USDT,1700000046000,bid,,,99996.54,0.0
incremental,binance,BTC/USDT,1700000046100,ask,,,100016.48,1.7754
incremental,binance,BTC/USDT,1700000046200,bid,,,99996.46,0.0
incremental,binance,BTC/USDT,1700000046300,bid,,,99996.15,0.0
incremental,binance,BTC/USDT,1700000046400,bid,,,99996.12,0.0
incremental,binance,BTC/USDT,1700000046500,bid,,,99996.08,0.0
incremental,binance,BTC/USDT,1700000046600,bid,,,99982.17,0.0
incremental,binance,BTC/USDT,1700000046700,ask,,,100000.76,0.3652
incremental,binance,BTC/USDT,1700000046800,bid,,,99996.03,0.0
incremental,binance,BTC/USDT,1700000046900,bid,,,99985.92,0.0
incremental,binance,BTC/USDT,1700000047000,ask,,,100002.31,1.3742
incremental,binance,BTC/USDT,1700000047100,ask,,,100018.36,0.0
incremental,binance,BTC/USDT,1700000047200,ask,,,100012.33,2.9685
incremental,binance,BTC/USDT,1700000047300,bid,,,99995.4,0.0
incremental,binance,BTC/USDT,1700000047400,ask,,,100015.18,1.2512
incremental,binance,BTC/USDT,1700000047500,bid,,,99982.1,1.6603
incremental,binance,BTC/USDT,1700000047600,bid,,,99995.36,0.0
incremental,binance,BTC/USDT,1700000047700,bid,,,99995.19,0.0
incremental,binance,BTC/USDT,1700000047800,bid,,,99975.3,1.939
incremental,binance,BTC/USDT,1700000047900,bid,,,99983.02,2.321
incremental,binance,BTC/USDT,1700000048000,ask,,,100006.0,4.2853
incremental,binance,BTC/USDT,1700000048100,ask,,,100013.04,0.2481
incremental,binance,BTC/USDT,1700000048200,ask,,,100001.57,1.6875
incremental,binance,BTC/USDT,1700000048300,bid,,,99986.28,1.7644
incremental,binance,BTC/USDT,1700000048400,ask,,,100012.1,0.0
incremental,binance,BTC/USDT,1700000048500,ask,,,100005.4,4.8665
incremental,binance,BTC/USDT,1700000048600,ask,,,100016.45,1.9776
incremental,binance,BTC/USDT,1700000048700,ask,,,100009.19,3.3032
incremental,binance,BTC/USDT,1700000048800,bid,,,99982.67,1.4325
incremental,binance,BTC/USDT,1700000048900,bid,,,99986.18,0.6552
incremental,binance,BTC/USDT,1700000049000,bid,,,99987.3,3.1509
incremental,binance,BTC/USDT,1700000049100,ask,,,100023.79,0.0
incremental,binance,BTC/USDT,1700000049200,bid,,,99978.0,1.2208
incremental,binance,BTC/USDT,1700000049300,ask,,,100008.34,1.6269
incremental,binance,BTC/USDT,1700000049400,bid,,,99992.3,1.0562
incremental,binance,BTC/USDT,1700000049500,bid,,,99978.87,0.0
incremental,binance,BTC/USDT,1700000049600,ask,,,100011.05,1.7055
incremental,binance,BTC/USDT,1700000049700,ask,,,100016.9,4.5253
incremental,binance,BTC/USDT,1700000049800,bid,,,99992.47,1.7265
incremental,binance,BTC/USDT,1700000049900,ask,,,100001.6,4.0779
incremental,binance,BTC/USDT,1700000050000,ask,,,100016.18,0.0
incremental,binance,BTC/USDT,1700000050100,ask,,,100002.06,3.9413
incremental,binance,BTC/USDT,1700000050200,bid,,,99994.22,2.4225
incremental,binance,BTC/USDT,1700000050300,ask,,,100013.58,0.0
incremental,binance,BTC/USDT,1700000050400,ask,,,100011.87,4.7832
incremental,binance,BTC/USDT,1700000050500,ask,,,100004.67,0.9736
incremental,binance,BTC/USDT,1700000050600,bid,,,99985.53,4.8139
incremental,binance,BTC/USDT,1700000050700,ask,,,100014.27,0.0
incremental,binance,BTC/USDT,1700000050800,bid,,,99992.11,2.1234
incremental,binance,BTC/USDT,1700000050900,bid,,,99986.53,2.5745
incremental,binance,BTC/USDT,1700000051000,ask,,,100010.95,0.0
incremental,binance,BTC/USDT,1700000051100,ask,,,100012.02,2.197
incremental,binance,BTC/USDT,1700000051200,bid,,,99987.29,0.0
incremental,binance,BTC/USDT,1700000051300,ask,,,100008.9,0.0
incremental,binance,BTC/USDT,1700000051400,bid,,,99978.4,3.9267
incremental,binance,BTC/USDT,1700000051500,bid,,,99991.64,0.0
incremental,binance,BTC/USDT,1700000051600,ask,,,100005.33,1.2949
incremental,binance,BTC/USDT,1700000051700,ask,,,100009.0,0.9594
incremental,binance,BTC/USDT,1700000051800,bid,,,99990.85,0.0
incremental,binance,BTC/USDT,1700000051900,ask,,,100013.27,0.2813
incremental,binance,BTC/USDT,1700000052000,ask,,,100002.87,1.4228
incremental,binance,BTC/USDT,1700000052100,ask,,,100015.36,3.7626
incremental,binance,BTC/USDT,1700000052200,bid,,,99992.47,0.0
incremental,binance,BTC/USDT,1700000052300,ask,,,100012.09,4.8645
incremental,binance,BTC/USDT,1700000052400,ask,,,100010.78,2.9014
incremental,binance,BTC/USDT,1700000052500,ask,,,100012.83,1.7755
incremental,binance,BTC/USDT,1700000052600,bid,,,99978.55,2.4379
incremental,binance,BTC/USDT,1700000052700,bid,,,99978.77,3.1871
incremental,binance,BTC/USDT,1700000052800,bid,,,99994.28,2.1553
incremental,binance,BTC/USDT,1700000052900,ask,,,100014.96,3.7362
incremental,binance,BTC/USDT,1700000053000,ask,,,100007.33,3.6064
incremental,binance,BTC/USDT,1700000053100,bid,,,99995.29,4.5377
incremental,binance,BTC/USDT,1700000053200,ask,,,100012.7,0.0
incremental,binance,BTC/USDT,1700000053300,bid,,,99990.3,4.981
incremental,binance,BTC/USDT,1700000053400,bid,,,99991.24,2.525
incremental,binance,BTC/USDT,1700000053500,ask,,,100018.56,2.7844
incremental,binance,BTC/USDT,1700000053600,ask,,,100010.28,0.0
incremental,binance,BTC/USDT,1700000053700,ask,,,100005.66,2.5947
incremental,binance,BTC/USDT,1700000053800,ask,,,100011.9,3.8229
incremental,binance,BTC/USDT,1700000053900,bid,,,99992.39,0.0
incremental,binance,BTC/USDT,1700000054000,ask,,,100012.27,4.8856
incremental,binance,BTC/USDT,1700000054100,bid,,,99982.34,0.0
incremental,binance,BTC/USDT,1700000054200,bid,,,99982.07,0.0
incremental,binance,BTC/USDT,1700000054300,bid,,,99983.71,0.2821
incremental,binance,BTC/USDT,1700000054400,ask,,,100018.32,4.8277
incremental,binance,BTC/USDT,1700000054500,ask,,,100005.3,2.4936
incremental,binance,BTC/USDT,1700000054600,ask,,,100006.07,0.8768
incremental,binance,BTC/USDT,1700000054700,bid,,,99978.96,0.18
incremental,binance,BTC/USDT,1700000054800,bid,,,99985.51,0.6329
incremental,binance,BTC/USDT,1700000054900,bid,,,99990.14,2.6459
incremental,binance,BTC/USDT,1700000055000,ask,,,100011.61,3.7699
incremental,binance,BTC/USDT,1700000055100,bid,,,99989.13,2.3374
incremental,binance,BTC/USDT,1700000055200,ask,,,100011.37,1.727
incremental,binance,BTC/USDT,1700000055300,ask,,,100015.74,1.9286
incremental,binance,BTC/USDT,1700000055400,bid,,,99990.47,0.1177
incremental,binance,BTC/USDT,1700000055500,ask,,,100012.84,3.3624
incremental,binance,BTC/USDT,1700000055600,ask,,,100008.18,1.132
incremental,binance,BTC/USDT,1700000055700,ask,,,100004.73,2.6562
incremental,binance,BTC/USDT,1700000055800,bid,,,99982.34,1.6839
incremental,binance,BTC/USDT,1700000055900,ask,,,100012.88,0.0
incremental,binance,BTC/USDT,1700000056000,bid,,,99995.79,2.5778
incremental,binance,BTC/USDT,1700000056100,ask,,,100008.7,4.5789
incremental,binance,BTC/USDT,1700000056200,ask,,,100004.77,0.3031
incremental,binance,BTC/USDT,1700000056300,ask,,,100013.11,2.4851
incremental,binance,BTC/USDT,1700000056400,bid,,,99989.13,0.6152
incremental,binance,BTC/USDT,1700000056500,ask,,,100015.77,0.1676
incremental,binance,BTC/USDT,1700000056600,bid,,,99993.7,4.8407
incremental,binance,BTC/USDT,1700000056700,bid,,,99979.09,0.1488
incremental,binance,BTC/USDT,1700000056800,bid,,,99983.21,1.5283
incremental,binance,BTC/USDT,1700000056900,bid,,,99982.91,3.7079
incremental,binance,BTC/USDT,1700000057000,ask,,,100015.35,4.4038
incremental,binance,BTC/USDT,1700000057100,bid,,,99994.91,1.1481
incremental,binance,BTC/USDT,1700000057200,ask,,,100014.84,1.303
incremental,binance,BTC/USDT,1700000057300,bid,,,99992.75,0.921
incremental,binance,BTC/USDT,1700000057400,ask,,,100010.5,0.9754
incremental,binance,BTC/USDT,1700000057500,ask,,,100012.0,0.8875
incremental,binance,BTC/USDT,1700000057600,ask,,,100014.9,0.515
incremental,binance,BTC/USDT,1700000057700,bid,,,99982.22,0.0
incremental,binance,BTC/USDT,1700000057800,bid,,,99989.24,0.1459
incremental,binance,BTC/USDT,1700000057900,ask,,,100006.41,2.8623
incremental,binance,BTC/USDT,1700000058000,bid,,,99993.36,0.3025
incremental,binance,BTC/USDT,1700000058100,bid,,,99978.39,0.9399
incremental,binance,BTC/USDT,1700000058200,ask,,,100006.72,2.6808
incremental,binance,BTC/USDT,1700000058300,bid,,,99991.3,1.5381
incremental,binance,BTC/USDT,1700000058400,ask,,,100003.88,3.1194
incremental,binance,BTC/USDT,1700000058500,ask,,,100016.26,1.1124
incremental,binance,BTC/USDT,1700000058600,bid,,,99994.29,3.2797
incremental,binance,BTC/USDT,1700000058700,bid,,,99982.67,0.0
incremental,binance,BTC/USDT,1700000058800,ask,,,100021.84,0.0
incremental,binance,BTC/USDT,1700000058900,bid,,,99989.86,0.6953
incremental,binance,BTC/USDT,1700000059000,ask,,,100019.26,0.0
incremental,binance,BTC/USDT,1700000059100,ask,,,100015.89,1.0007
incremental,binance,BTC/USDT,1700000059200,bid,,,99979.96,1.7391
incremental,binance,BTC/USDT,1700000059300,ask,,,100009.94,2.0868
incremental,binance,BTC/USDT,1700000059400,bid,,,99990.84,0.0
incremental,binance,BTC/USDT,1700000059500,bid,,,99995.59,2.4208
incremental,binance,BTC/USDT,1700000059600,ask,,,100007.55,4.779
incremental,binance,BTC/USDT,1700000059700,ask,,,100017.79,3.2594
incremental,binance,BTC/USDT,1700000059800,ask,,,100015.89,0.0
incremental,binance,BTC/USDT,1700000059900,ask,,,100016.47,2.2837
incremental,binance,BTC/USDT,1700000060000,ask,,,100008.61,0.406
incremental,binance,BTC/USDT,1700000060100,bid,,,99993.38,1.195
incremental,binance,BTC/USDT,1700000060200,ask,,,100011.29,0.0
incremental,binance,BTC/USDT,1700000060300,ask,,,100002.46,2.6149
incremental,binance,BTC/USDT,1700000060400,ask,,,100005.92,3.698
incremental,binance,BTC/USDT,1700000060500,bid,,,99983.65,4.7023
incremental,binance,BTC/USDT,1700000060600,bid,,,99996.39,3.5488
incremental,binance,BTC/USDT,1700000060700,ask,,,100013.4,4.8739
incremental,binance,BTC/USDT,1700000060800,bid,,,99988.5,2.8405
incremental,binance,BTC/USDT,1700000060900,bid,,,99981.86,0.2442
incremental,binance,BTC/USDT,1700000061000,bid,,,99993.44,1.4186
incremental,binance,BTC/USDT,1700000061100,ask,,,100011.14,3.5065
incremental,binance,BTC/USDT,1700000061200,ask,,,100019.97,2.1232
incremental,binance,BTC/USDT,1700000061300,ask,,,100011.26,4.3783
incremental,binance,BTC/USDT,1700000061400,ask,,,100003.49,4.5108
incremental,binance,BTC/USDT,1700000061500,bid,,,99984.32,2.4101
incremental,binance,BTC/USDT,1700000061600,bid,,,99994.1,1.3653
incremental,binance,BTC/USDT,1700000061700,bid,,,99988.38,3.0913
incremental,binance,BTC/USDT,1700000061800,ask,,,100013.26,3.4302
incremental,binance,BTC/USDT,1700000061900,bid,,,99987.4,2.4846
incremental,binance,BTC/USDT,1700000062000,ask,,,100011.75,1.1796
incremental,binance,BTC/USDT,1700000062100,bid,,,99995.16,3.0107
incremental,binance,BTC/USDT,1700000062200,ask,,,100012.74,4.6986
incremental,binance,BTC/USDT,1700000062300,bid,,,99986.74,2.8014
incremental,binance,BTC/USDT,1700000062400,ask,,,100014.14,0.8995
incremental,binance,BTC/USDT,1700000062500,ask,,,100007.08,3.0029
incremental,binance,BTC/USDT,1700000062600,ask,,,100003.49,0.0
incremental,binance,BTC/USDT,1700000062700,bid,,,99990.95,4.5484
incremental,binance,BTC/USDT,1700000062800,ask,,,100002.46,0.0
incremental,binance,BTC/USDT,1700000062900,bid,,,99983.34,1.1891
incremental,binance,BTC/USDT,1700000063000,ask,,,100015.24,0.0
incremental,binance,BTC/USDT,1700000063100,ask,,,100010.59,4.6309
incremental,binance,BTC/USDT,1700000063200,ask,,,100009.81,2.735
incremental,binance,BTC/USDT,1700000063300,ask,,,100002.77,2.8407
incremental,binance,BTC/USDT,1700000063400,ask,,,100014.63,1.3686
incremental,binance,BTC/USDT,1700000063500,ask,,,100008.73,0.0
incremental,binance,BTC/USDT,1700000063600,ask,,,100001.26,4.265
incremental,binance,BTC/USDT,1700000063700,bid,,,99982.01,3.6703
incremental,binance,BTC/USDT,1700000063800,ask,,,100010.11,4.0543
incremental,binance,BTC/USDT,1700000063900,ask,,,100016.8,0.8905
incremental,binance,BTC/USDT,1700000064000,ask,,,100016.21,2.7625
incremental,binance,BTC/USDT,1700000064100,bid,,,99988.67,1.0219
incremental,binance,BTC/USDT,1700000064200,ask,,,100018.63,4.4768
incremental,binance,BTC/USDT,1700000064300,bid,,,99994.99,0.0
incremental,binance,BTC/USDT,1700000064400,ask,,,100018.5,4.0651
incremental,binance,BTC/USDT,1700000064500,ask,,,100010.87,4.8376
incremental,binance,BTC/USDT,1700000064600,ask,,,100020.09,1.6567
incremental,binance,BTC/USDT,1700000064700,bid,,,99994.22,0.0
incremental,binance,BTC/USDT,1700000064800,ask,,,100017.44,2.6644
incremental,binance,BTC/USDT,1700000064900,ask,,,100007.75,4.7897
incremental,binance,BTC/USDT,1700000065000,ask,,,100003.16,3.4432
incremental,binance,BTC/USDT,1700000065100,ask,,,100007.08,2.7507
incremental,binance,BTC/USDT,1700000065200,ask,,,100020.83,0.0
incremental,binance,BTC/USDT,1700000065300,ask,,,100004.52,2.8824
incremental,binance,BTC/USDT,1700000065400,ask,,,100009.17,0.2699
incremental,binance,BTC/USDT,1700000065500,bid,,,99984.24,1.9537
incremental,binance,BTC/USDT,1700000065600,ask,,,100011.13,4.3469
incremental,binance,BTC/USDT,1700000065700,bid,,,99987.14,2.1575
incremental,binance,BTC/USDT,1700000065800,ask,,,100000.76,0.0
incremental,binance,BTC/USDT,1700000065900,bid,,,99995.72,4.5707
incremental,binance,BTC/USDT,1700000066000,ask,,,100019.23,4.0575
incremental,binance,BTC/USDT,1700000066100,bid,,,99990.77,2.2889
incremental,binance,BTC/USDT,1700000066200,ask,,,100017.9,1.0561
incremental,binance,BTC/USDT,1700000066300,ask,,,100008.45,0.9563
incremental,binance,BTC/USDT,1700000066400,ask,,,100001.26,0.0
incremental,binance,BTC/USDT,1700000066500,bid,,,99989.28,3.9932
incremental,binance,BTC/USDT,1700000066600,ask,,,100001.57,0.0
incremental,binance,BTC/USDT,1700000066700,ask,,,100001.6,0.0
incremental,binance,BTC/USDT,1700000066800,ask,,,100018.59,1.8409
incremental,binance,BTC/USDT,1700000066900,ask,,,100014.4,3.6586
incremental,binance,BTC/USDT,1700000067000,ask,,,100004.38,1.237
incremental,binance,BTC/USDT,1700000067100,ask,,,100007.52,3.6553
incremental,binance,BTC/USDT,1700000067200,bid,,,99990.84,2.3042
incremental,binance,BTC/USDT,1700000067300,ask,,,100020.34,2.6504
incremental,binance,BTC/USDT,1700000067400,bid,,,99990.13,3.4741
incremental,binance,BTC/USDT,1700000067500,bid,,,99981.23,3.8648
incremental,binance,BTC/USDT,1700000067600,ask,,,100011.95,1.5515
incremental,binance,BTC/USDT,1700000067700,ask,,,100011.68,0.5365
incremental,binance,BTC/USDT,1700000067800,bid,,,99984.24,0.0
incremental,binance,BTC/USDT,1700000067900,ask,,,100009.19,0.2767
incremental,binance,BTC/USDT,1700000068000,ask,,,100006.34,2.6355
incremental,binance,BTC/USDT,1700000068100,ask,,,100013.48,4.3981
incremental,binance,BTC/USDT,1700000068200,bid,,,99994.12,1.4812
incremental,binance,BTC/USDT,1700000068300,ask,,,100008.22,4.2568
incremental,binance,BTC/USDT,1700000068400,ask,,,100015.38,4.125
incremental,binance,BTC/USDT,1700000068500,bid,,,99980.24,0.2275
incremental,binance,BTC/USDT,1700000068600,bid,,,99983.15,4.6422
incremental,binance,BTC/USDT,1700000068700,ask,,,100005.91,1.3161
incremental,binance,BTC/USDT,1700000068800,ask,,,100011.89,3.7957
incremental,binance,BTC/USDT,1700000068900,ask,,,100006.76,2.3375
incremental,binance,BTC/USDT,1700000069000,ask,,,100004.77,2.0864
incremental,binance,BTC/USDT,1700000069100,bid,,,99980.37,0.7445
incremental,binance,BTC/USDT,1700000069200,bid,,,99990.9,2.3672
incremental,binance,BTC/USDT,1700000069300,bid,,,99994.51,2.4992
incremental,binance,BTC/USDT,1700000069400,ask,,,100004.16,0.1193
incremental,binance,BTC/USDT,1700000069500,ask,,,100009.48,1.6208
incremental,binance,BTC/USDT,1700000069600,bid,,,99981.18,2.8215
incremental,binance,BTC/USDT,1700000069700,bid,,,99981.08,0.614
incremental,binance,BTC/USDT,1700000069800,bid,,,99985.74,1.9984
incremental,binance,BTC/USDT,1700000069900,ask,,,100002.29,2.2036
incremental,binance,BTC/USDT,1700000070000,bid,,,99992.18,4.9448
incremental,binance,BTC/USDT,1700000070100,bid,,,99988.8,4.2428
incremental,binance,BTC/USDT,1700000070200,bid,,,99994.03,1.6958
incremental,binance,BTC/USDT,1700000070300,ask,,,100008.63,0.0
incremental,binance,BTC/USDT,1700000070400,bid,,,99989.97,3.7687
incremental,binance,BTC/USDT,1700000070500,ask,,,100004.17,2.2803
incremental,binance,BTC/USDT,1700000070600,ask,,,100013.73,3.4714
incremental,binance,BTC/USDT,1700000070700,ask,,,100004.93,1.0487
incremental,binance,BTC/USDT,1700000070800,ask,,,100012.84,3.943
incremental,binance,BTC/USDT,1700000070900,ask,,,100011.53,3.5928
incremental,binance,BTC/USDT,1700000071000,ask,,,100015.25,3.4432
incremental,binance,BTC/USDT,1700000071100,bid,,,99994.52,0.3265
incremental,binance,BTC/USDT,1700000071200,ask,,,100006.29,1.6279
incremental,binance,BTC/USDT,1700000071300,bid,,,99993.5,3.0475
incremental,binance,BTC/USDT,1700000071400,bid,,,99979.94,0.7305
incremental,binance,BTC/USDT,1700000071500,ask,,,100008.63,2.7541
incremental,binance,BTC/USDT,1700000071600,bid,,,99982.56,0.2022
incremental,binance,BTC/USDT,1700000071700,ask,,,100019.55,1.3616
incremental,binance,BTC/USDT,1700000071800,bid,,,99990.37,3.4976
incremental,binance,BTC/USDT,1700000071900,ask,,,100008.41,0.1541
incremental,binance,BTC/USDT,1700000072000,bid,,,99984.57,3.56
incremental,binance,BTC/USDT,1700000072100,ask,,,100006.8,0.8772
incremental,binance,BTC/USDT,1700000072200,ask,,,100017.97,1.6452
incremental,binance,BTC/USDT,1700000072300,bid,,,99989.54,1.9752
incremental,binance,BTC/USDT,1700000072400,bid,,,99987.98,2.1156
incremental,binance,BTC/USDT,1700000072500,ask,,,100006.65,3.6509
incremental,binance,BTC/USDT,1700000072600,ask,,,100019.09,2.7182
incremental,binance,BTC/USDT,1700000072700,ask,,,100012.21,0.5071
incremental,binance,BTC/USDT,1700000072800,ask,,,100011.62,2.8092
incremental,binance,BTC/USDT,1700000072900,bid,,,99995.85,2.416
incremental,binance,BTC/USDT,1700000073000,bid,,,99993.93,2.7259
incremental,binance,BTC/USDT,1700000073100,bid,,,99995.79,0.0
incremental,binance,BTC/USDT,1700000073200,bid,,,99982.1,0.0
incremental,binance,BTC/USDT,1700000073300,bid,,,99990.84,0.0
incremental,binance,BTC/USDT,1700000073400,bid,,,99985.82,4.6255
incremental,binance,BTC/USDT,1700000073500,bid,,,99985.94,4.8996
incremental,binance,BTC/USDT,1700000073600,ask,,,100011.2,0.0
incremental,binance,BTC/USDT,1700000073700,ask,,,100016.06,2.9949
incremental,binance,BTC/USDT,1700000073800,bid,,,99997.02,4.7984
incremental,binance,BTC/USDT,1700000073900,ask,,,100005.53,3.676
incremental,binance,BTC/USDT,1700000074000,bid,,,99995.94,4.2423
incremental,binance,BTC/USDT,1700000074100,ask,,,100008.41,3.5311
incremental,binance,BTC/USDT,1700000074200,bid,,,99994.29,0.0
incremental,binance,BTC/USDT,1700000074300,ask,,,100004.5,0.267
incremental,binance,BTC/USDT,1700000074400,ask,,,100011.63,2.1952
incremental,binance,BTC/USDT,1700000074500,ask,,,100017.87,2.9091
incremental,binance,BTC/USDT,1700000074600,ask,,,100002.06,0.0
incremental,binance,BTC/USDT,1700000074700,ask,,,100011.66,1.2361
incremental,binance,BTC/USDT,1700000074800,ask,,,100002.31,0.0
incremental,binance,BTC/USDT,1700000074900,ask,,,100002.29,0.0
incremental,binance,BTC/USDT,1700000075000,bid,,,99984.52,1.8128
incremental,binance,BTC/USDT,1700000075100,ask,,,100002.83,0.0
incremental,binance,BTC/USDT,1700000075200,ask,,,100002.91,0.0
incremental,binance,BTC/USDT,1700000075300,ask,,,100002.87,0.0
incremental,binance,BTC/USDT,1700000075400,ask,,,100002.77,0.0
incremental,binance,BTC/USDT,1700000075500,ask,,,100012.28,0.0
incremental,binance,BTC/USDT,1700000075600,ask,,,100003.16,0.0
incremental,binance,BTC/USDT,1700000075700,ask,,,100007.73,3.4709
incremental,binance,BTC/USDT,1700000075800,bid,,,99990.37,4.6683
incremental,binance,BTC/USDT,1700000075900,ask,,,100020.92,0.812
incremental,binance,BTC/USDT,1700000076000,ask,,,100011.63,4.3967
incremental,binance,BTC/USDT,1700000076100,bid,,,99999.44,0.6618
incremental,binance,BTC/USDT,1700000076200,ask,,,100006.22,3.7086
incremental,binance,BTC/USDT,1700000076300,ask,,,100009.37,4.0949
incremental,binance,BTC/USDT,1700000076400,ask,,,100003.74,0.0
incremental,binance,BTC/USDT,1700000076500,ask,,,100017.24,1.2738
incremental,binance,BTC/USDT,1700000076600,bid,,,99986.15,0.0
incremental,binance,BTC/USDT,1700000076700,ask,,,100004.1,0.0
incremental,binance,BTC/USDT,1700000076800,ask,,,100004.0,0.0
incremental,binance,BTC/USDT,1700000076900,ask,,,100003.88,0.0
incremental,binance,BTC/USDT,1700000077000,ask,,,100004.16,0.0
incremental,binance,BTC/USDT,1700000077100,ask,,,100004.17,0.0
incremental,binance,BTC/USDT,1700000077200,bid,,,99993.97,1.6487
incremental,binance,BTC/USDT,1700000077300,bid,,,100000.85,0.1496
incremental,binance,BTC/USDT,1700000077400,ask,,,100004.38,0.0
incremental,binance,BTC/USDT,1700000077500,bid,,,99999.99,4.9074
incremental,binance,BTC/USDT,1700000077600,ask,,,100007.71,0.7767
incremental,binance,BTC/USDT,1700000077700,bid,,,99987.24,0.0
incremental,binance,BTC/USDT,1700000077800,bid,,,99992.34,0.4571
incremental,binance,BTC/USDT,1700000077900,bid,,,99992.1,2.4782
incremental,binance,BTC/USDT,1700000078000,ask,,,100004.67,0.0
incremental,binance,BTC/USDT,1700000078100,ask,,,100004.52,0.0
incremental,binance,BTC/USDT,1700000078200,ask,,,100004.5,0.0
incremental,binance,BTC/USDT,1700000078300,bid,,,99987.24,2.1048
incremental,binance,BTC/USDT,1700000078400,bid,,,99998.39,2.7595
incremental,binance,BTC/USDT,1700000078500,bid,,,99990.31,1.4489
incremental,binance,BTC/USDT,1700000078600,bid,,,100000.6,3.9227
incremental,binance,BTC/USDT,1700000078700,bid,,,99984.7,0.0
incremental,binance,BTC/USDT,1700000078800,ask,,,100006.02,0.6405
incremental,binance,BTC/USDT,1700000078900,ask,,,100010.81,3.9114
incremental,binance,BTC/USDT,1700000079000,bid,,,99988.02,4.7202
incremental,binance,BTC/USDT,1700000079100,bid,,,99997.57,3.9005
incremental,binance,BTC/USDT,1700000079200,ask,,,100018.47,4.7302
incremental,binance,BTC/USDT,1700000079300,ask,,,100004.73,0.0
incremental,binance,BTC/USDT,1700000079400,ask,,,100004.77,0.0
incremental,binance,BTC/USDT,1700000079500,ask,,,100004.77,0.0
incremental,binance,BTC/USDT,1700000079600,ask,,,100004.93,0.0
incremental,binance,BTC/USDT,1700000079700,bid,,,99984.32,0.0
incremental,binance,BTC/USDT,1700000079800,bid,,,99997.04,2.3337
incremental,binance,BTC/USDT,1700000079900,ask,,,100017.71,2.612
incremental,binance,BTC/USDT,1700000080000,bid,,,99997.26,1.0299
incremental,binance,BTC/USDT,1700000080100,bid,,,99989.78,1.5453
incremental,binance,BTC/USDT,1700000080200,bid,,,99996.76,3.1597
incremental,binance,BTC/USDT,1700000080300,ask,,,100016.91,2.1141
incremental,binance,BTC/USDT,1700000080400,ask,,,100012.35,1.5713
incremental,binance,BTC/USDT,1700000080500,bid,,,99998.36,3.7169
incremental,binance,BTC/USDT,1700000080600,bid,,,99984.44,1.8803
incremental,binance,BTC/USDT,1700000080700,ask,,,100015.77,1.9333
incremental,binance,BTC/USDT,1700000080800,ask,,,100012.56,1.2336
incremental,binance,BTC/USDT,1700000080900,ask,,,100006.22,2.1549
incremental,binance,BTC/USDT,1700000081000,bid,,,99991.38,1.7203
incremental,binance,BTC/USDT,1700000081100,ask,,,100007.53,0.3194
incremental,binance,BTC/USDT,1700000081200,bid,,,99997.26,0.6478
incremental,binance,BTC/USDT,1700000081300,ask,,,100009.11,1.368
incremental,binance,BTC/USDT,1700000081400,ask,,,100014.31,0.8867
incremental,binance,BTC/USDT,1700000081500,bid,,,99999.18,1.9289
incremental,binance,BTC/USDT,1700000081600,bid,,,99992.1,2.682
incremental,binance,BTC/USDT,1700000081700,bid,,,99991.73,1.1911
incremental,binance,BTC/USDT,1700000081800,ask,,,100008.89,3.4492
incremental,binance,BTC/USDT,1700000081900,ask,,,100023.8,2.9873
incremental,binance,BTC/USDT,1700000082000,bid,,,99985.21,2.1034
incremental,binance,BTC/USDT,1700000082100,bid,,,99994.14,4.2168
incremental,binance,BTC/USDT,1700000082200,ask,,,100025.29,0.0
incremental,binance,BTC/USDT,1700000082300,ask,,,100022.38,2.4508
incremental,binance,BTC/USDT,1700000082400,ask,,,100022.47,2.8452
incremental,binance,BTC/USDT,1700000082500,ask,,,100014.31,0.0
incremental,binance,BTC/USDT,1700000082600,ask,,,100010.8,3.1879
incremental,binance,BTC/USDT,1700000082700,bid,,,99995.55,3.2756
incremental,binance,BTC/USDT,1700000082800,ask,,,100011.7,2.237
incremental,binance,BTC/USDT,1700000082900,ask,,,100022.86,3.5207
incremental,binance,BTC/USDT,1700000083000,bid,,,99992.1,3.7523
incremental,binance,BTC/USDT,1700000083100,ask,,,100005.72,3.3401
incremental,binance,BTC/USDT,1700000083200,bid,,,99999.88,0.5744
incremental,binance,BTC/USDT,1700000083300,ask,,,100017.97,2.3025
incremental,binance,BTC/USDT,1700000083400,ask,,,100012.84,0.0
incremental,binance,BTC/USDT,1700000083500,bid,,,99994.42,1.5643
incremental,binance,BTC/USDT,1700000083600,bid,,,99994.86,0.0
incremental,binance,BTC/USDT,1700000083700,ask,,,100020.28,4.4942
incremental,binance,BTC/USDT,1700000083800,bid,,,99992.39,0.612
incremental,binance,BTC/USDT,1700000083900,ask,,,100021.95,1.4335
incremental,binance,BTC/USDT,1700000084000,ask,,,100020.15,3.048
incremental,binance,BTC/USDT,1700000084100,bid,,,99995.42,1.5239
incremental,binance,BTC/USDT,1700000084200,bid,,,99994.68,3.7824
incremental,binance,BTC/USDT,1700000084300,bid,,,99990.31,0.0
incremental,binance,BTC/USDT,1700000084400,ask,,,100018.18,0.4121
incremental,binance,BTC/USDT,1700000084500,ask,,,100006.56,3.5491
incremental,binance,BTC/USDT,1700000084600,bid,,,99988.78,2.5424
incremental,binance,BTC/USDT,1700000084700,ask,,,100018.39,1.1608
incremental,binance,BTC/USDT,1700000084800,ask,,,100021.27,4.2208
incremental,binance,BTC/USDT,1700000084900,ask,,,100016.8,0.0
incremental,binance,BTC/USDT,1700000085000,bid,,,99993.29,3.7156
incremental,binance,BTC/USDT,1700000085100,bid,,,99985.93,1.6776
incremental,binance,BTC/USDT,1700000085200,ask,,,100008.95,3.137
incremental,binance,BTC/USDT,1700000085300,bid,,,99989.66,1.8396
incremental,binance,BTC/USDT,1700000085400,bid,,,99988.15,3.1054
incremental,binance,BTC/USDT,1700000085500,ask,,,100009.72,1.1449
incremental,binance,BTC/USDT,1700000085600,ask,,,100017.24,3.2516
incremental,binance,BTC/USDT,1700000085700,ask,,,100020.34,0.0
incremental,binance,BTC/USDT,1700000085800,ask,,,100022.88,3.1424
incremental,binance,BTC/USDT,1700000085900,bid,,,99991.23,4.4513
incremental,binance,BTC/USDT,1700000086000,ask,,,100015.02,1.7765
incremental,binance,BTC/USDT,1700000086100,ask,,,100005.66,0.0
incremental,binance,BTC/USDT,1700000086200,ask,,,100021.85,0.0
incremental,binance,BTC/USDT,1700000086300,bid,,,100000.97,2.1763
incremental,binance,BTC/USDT,1700000086400,ask,,,100006.48,0.0
incremental,binance,BTC/USDT,1700000086500,bid,,,99992.7,1.4249
incremental,binance,BTC/USDT,1700000086600,ask,,,100018.46,4.223
incremental,binance,BTC/USDT,1700000086700,bid,,,99990.74,0.0
incremental,binance,BTC/USDT,1700000086800,ask,,,100005.96,1.3292
incremental,binance,BTC/USDT,1700000086900,bid,,,99997.84,2.3783
incremental,binance,BTC/USDT,1700000087000,ask,,,100022.89,2.7965
incremental,binance,BTC/USDT,1700000087100,ask,,,100012.77,1.2035
incremental,binance,BTC/USDT,1700000087200,bid,,,99998.96,1.5533
incremental,binance,BTC/USDT,1700000087300,bid,,,99993.79,1.9202
incremental,binance,BTC/USDT,1700000087400,bid,,,99996.45,4.817
incremental,binance,BTC/USDT,1700000087500,bid,,,99988.25,0.852
incremental,binance,BTC/USDT,1700000087600,ask,,,100016.33,3.4223
incremental,binance,BTC/USDT,1700000087700,bid,,,99991.41,2.9191
incremental,binance,BTC/USDT,1700000087800,bid,,,99990.21,4.8319
incremental,binance,BTC/USDT,1700000087900,bid,,,99998.75,3.8826
incremental,binance,BTC/USDT,1700000088000,bid,,,99999.99,0.0
incremental,binance,BTC/USDT,1700000088100,ask,,,100017.26,1.0352
incremental,binance,BTC/USDT,1700000088200,bid,,,99983.61,1.92
incremental,binance,BTC/USDT,1700000088300,bid,,,99988.55,4.0893
incremental,binance,BTC/USDT,1700000088400,ask,,,100012.09,1.3767
incremental,binance,BTC/USDT,1700000088500,bid,,,99999.1,1.6148
incremental,binance,BTC/USDT,1700000088600,ask,,,100011.81,0.5943
incremental,binance,BTC/USDT,1700000088700,ask,,,100023.48,0.5667
incremental,binance,BTC/USDT,1700000088800,bid,,,99994.86,4.1101
incremental,binance,BTC/USDT,1700000088900,bid,,,99995.86,3.3161
incremental,binance,BTC/USDT,1700000089000,bid,,,99992.48,1.5746
incremental,binance,BTC/USDT,1700000089100,ask,,,100016.26,0.0
incremental,binance,BTC/USDT,1700000089200,ask,,,100012.85,3.2688
incremental,binance,BTC/USDT,1700000089300,ask,,,100021.01,2.5703
incremental,binance,BTC/USDT,1700000089400,ask,,,100022.09,2.0004
incremental,binance,BTC/USDT,1700000089500,ask,,,100020.38,1.4039
incremental,binance,BTC/USDT,1700000089600,bid,,,99994.77,1.0728
incremental,binance,BTC/USDT,1700000089700,ask,,,100016.61,0.6022
incremental,binance,BTC/USDT,1700000089800,ask,,,100020.88,2.556
incremental,binance,BTC/USDT,1700000089900,ask,,,100019.55,2.9673
incremental,binance,BTC/USDT,1700000090000,ask,,,100007.91,4.7886
incremental,binance,BTC/USDT,1700000090100,bid,,,99986.14,1.7097
incremental,binance,BTC/USDT,1700000090200,ask,,,100021.61,0.8526
incremental,binance,BTC/USDT,1700000090300,bid,,,99989.33,0.8399
incremental,binance,BTC/USDT,1700000090400,ask,,,100012.08,1.9037
incremental,binance,BTC/USDT,1700000090500,bid,,,99997.16,4.1852
incremental,binance,BTC/USDT,1700000090600,ask,,,100023.01,3.3742
incremental,binance,BTC/USDT,1700000090700,ask,,,100022.48,2.7359
incremental,binance,BTC/USDT,1700000090800,ask,,,100017.81,4.9747
incremental,binance,BTC/USDT,1700000090900,ask,,,100011.31,0.7411
incremental,binance,BTC/USDT,1700000091000,bid,,,99986.8,3.4659
incremental,binance,BTC/USDT,1700000091100,bid,,,99993.19,4.3838
incremental,binance,BTC/USDT,1700000091200,bid,,,99991.38,1.2288
incremental,binance,BTC/USDT,1700000091300,bid,,,99987.66,1.8887
incremental,binance,BTC/USDT,1700000091400,ask,,,100020.33,4.2422
incremental,binance,BTC/USDT,1700000091500,bid,,,99999.35,2.8959
incremental,binance,BTC/USDT,1700000091600,ask,,,100018.5,0.0
incremental,binance,BTC/USDT,1700000091700,bid,,,99984.65,0.3336
incremental,binance,BTC/USDT,1700000091800,ask,,,100011.71,4.3753
incremental,binance,BTC/USDT,1700000091900,bid,,,99993.72,0.9369
incremental,binance,BTC/USDT,1700000092000,ask,,,100008.41,4.1862
incremental,binance,BTC/USDT,1700000092100,ask,,,100008.41,0.0
incremental,binance,BTC/USDT,1700000092200,bid,,,99995.16,0.0
incremental,binance,BTC/USDT,1700000092300,bid,,,99995.73,2.0874
incremental,binance,BTC/USDT,1700000092400,bid,,,99986.3,0.9686
incremental,binance,BTC/USDT,1700000092500,ask,,,100008.55,4.6876
incremental,binance,BTC/USDT,1700000092600,ask,,,100017.88,1.3529
incremental,binance,BTC/USDT,1700000092700,ask,,,100008.28,0.0
incremental,binance,BTC/USDT,1700000092800,bid,,,99994.26,1.9297
incremental,binance,BTC/USDT,1700000092900,ask,,,100016.86,3.1059
incremental,binance,BTC/USDT,1700000093000,ask,,,100013.9,0.0
incremental,binance,BTC/USDT,1700000093100,bid,,,99982.88,1.2339
incremental,binance,BTC/USDT,1700000093200,bid,,,99992.31,2.7583
incremental,binance,BTC/USDT,1700000093300,ask,,,100017.52,3.6924
incremental,binance,BTC/USDT,1700000093400,ask,,,100022.34,1.2064
incremental,binance,BTC/USDT,1700000093500,ask,,,100021.73,2.5675
incremental,binance,BTC/USDT,1700000093600,ask,,,100005.39,1.6238
incremental,binance,BTC/USDT,1700000093700,ask,,,100009.06,1.4153
incremental,binance,BTC/USDT,1700000093800,bid,,,100000.97,0.0
incremental,binance,BTC/USDT,1700000093900,bid,,,99997.35,2.3576
incremental,binance,BTC/USDT,1700000094000,ask,,,100013.48,0.0
incremental,binance,BTC/USDT,1700000094100,ask,,,100006.29,0.0
incremental,binance,BTC/USDT,1700000094200,ask,,,100009.28,3.7793
incremental,binance,BTC/USDT,1700000094300,bid,,,100000.85,0.0
incremental,binance,BTC/USDT,1700000094400,ask,,,100011.71,0.0
incremental,binance,BTC/USDT,1700000094500,ask,,,100015.75,1.9054
incremental,binance,BTC/USDT,1700000094600,bid,,,99982.3,2.1187
incremental,binance,BTC/USDT,1700000094700,ask,,,100009.48,0.0
incremental,binance,BTC/USDT,1700000094800,ask,,,100016.59,1.7012
incremental,binance,BTC/USDT,1700000094900,ask,,,100013.86,3.4811
incremental,binance,BTC/USDT,1700000095000,bid,,,100000.6,0.0
incremental,binance,BTC/USDT,1700000095100,ask,,,100015.46,3.8173
incremental,binance,BTC/USDT,1700000095200,ask,,,100017.14,0.6522
incremental,binance,BTC/USDT,1700000095300,ask,,,100007.65,1.6615
incremental,binance,BTC/USDT,1700000095400,ask,,,100020.53,3.0289
incremental,binance,BTC/USDT,1700000095500,bid,,,99992.34,0.0
incremental,binance,BTC/USDT,1700000095600,ask,,,100011.45,3.1249
incremental,binance,BTC/USDT,1700000095700,bid,,,99985.56,4.7328
incremental,binance,BTC/USDT,1700000095800,bid,,,99986.67,3.8334
incremental,binance,BTC/USDT,1700000095900,bid,,,99983.93,2.7711
incremental,binance,BTC/USDT,1700000096000,ask,,,100017.52,0.0
incremental,binance,BTC/USDT,1700000096100,bid,,,99979.09,0.0
incremental,binance,BTC/USDT,1700000096200,ask,,,100019.78,4.4746
incremental,binance,BTC/USDT,1700000096300,bid,,,99984.59,4.4049
incremental,binance,BTC/USDT,1700000096400,ask,,,100014.44,0.3154
incremental,binance,BTC/USDT,1700000096500,bid,,,99993.76,0.3296
incremental,binance,BTC/USDT,1700000096600,bid,,,99981.21,2.2743
incremental,binance,BTC/USDT,1700000096700,bid,,,99999.88,0.0
incremental,binance,BTC/USDT,1700000096800,bid,,,99982.43,3.508
incremental,binance,BTC/USDT,1700000096900,bid,,,99985.06,1.1071
incremental,binance,BTC/USDT,1700000097000,bid,,,99999.44,0.0
incremental,binance,BTC/USDT,1700000097100,bid,,,99985.76,4.5752
incremental,binance,BTC/USDT,1700000097200,ask,,,100020.49,2.0244
incremental,binance,BTC/USDT,1700000097300,bid,,,99999.35,0.0
incremental,binance,BTC/USDT,1700000097400,ask,,,100020.03,3.2943
incremental,binance,BTC/USDT,1700000097500,ask,,,100017.87,3.1193
incremental,binance,BTC/USDT,1700000097600,bid,,,99980.29,2.6283
incremental,binance,BTC/USDT,1700000097700,bid,,,99991.06,0.1915
incremental,binance,BTC/USDT,1700000097800,bid,,,99986.8,0.0
incremental,binance,BTC/USDT,1700000097900,ask,,,100019.6,3.7575
incremental,binance,BTC/USDT,1700000098000,bid,,,99999.18,0.0
incremental,binance,BTC/USDT,1700000098100,bid,,,99999.1,0.0
incremental,binance,BTC/USDT,1700000098200,bid,,,99987.58,0.8789
incremental,binance,BTC/USDT,1700000098300,ask,,,100015.11,1.3011
incremental,binance,BTC/USDT,1700000098400,ask,,,100006.87,0.0
incremental,binance,BTC/USDT,1700000098500,bid,,,99989.06,3.4262
incremental,binance,BTC/USDT,1700000098600,bid,,,99982.73,3.6343
incremental,binance,BTC/USDT,1700000098700,bid,,,99994.15,1.1241
incremental,binance,BTC/USDT,1700000098800,ask,,,100007.31,1.4833
incremental,binance,BTC/USDT,1700000098900,bid,,,99985.03,4.5246
incremental,binance,BTC/USDT,1700000099000,ask,,,100009.11,0.0
incremental,binance,BTC/USDT,1700000099100,bid,,,99998.96,0.0
incremental,binance,BTC/USDT,1700000099200,bid,,,99998.75,0.0
incremental,binance,BTC/USDT,1700000099300,bid,,,99996.56,0.7727
incremental,binance,BTC/USDT,1700000099400,ask,,,100002.29,2.7644
incremental,binance,BTC/USDT,1700000099500,ask,,,100004.27,0.6542
incremental,binance,BTC/USDT,1700000099600,bid,,,99993.37,2.889
incremental,binance,BTC/USDT,1700000099700,ask,,,100018.72,0.7754
incremental,binance,BTC/USDT,1700000099800,ask,,,100021.27,0.0
incremental,binance,BTC/USDT,1700000099900,ask,,,100011.89,4.0066
incremental,binance,BTC/USDT,1700000100000,ask,,,100008.49,2.7535
incremental,binance,BTC/USDT,1700000100100,ask,,,100013.11,0.0
incremental,binance,BTC/USDT,1700000100200,ask,,,100005.91,0.0
incremental,binance,BTC/USDT,1700000100300,ask,,,100010.11,0.0
incremental,binance,BTC/USDT,1700000100400,bid,,,99989.62,2.9866
incremental,binance,BTC/USDT,1700000100500,ask,,,100013.6,1.793
incremental,binance,BTC/USDT,1700000100600,bid,,,99982.06,4.3092
incremental,binance,BTC/USDT,1700000100700,bid,,,99982.72,4.5745
incremental,binance,BTC/USDT,1700000100800,bid,,,99997.36,2.8857
incremental,binance,BTC/USDT,1700000100900,bid,,,99994.51,4.8454
incremental,binance,BTC/USDT,1700000101000,ask,,,100014.97,2.2325
incremental,binance,BTC/USDT,1700000101100,ask,,,100007.52,3.3936
incremental,binance,BTC/USDT,1700000101200,bid,,,99985.98,0.6403
incremental,binance,BTC/USDT,1700000101300,ask,,,100002.29,0.0
incremental,binance,BTC/USDT,1700000101400,ask,,,100012.44,1.6732
incremental,binance,BTC/USDT,1700000101500,ask,,,100023.8,0.0
incremental,binance,BTC/USDT,1700000101600,bid,,,99996.99,2.66
incremental,binance,BTC/USDT,1700000101700,bid,,,99984.96,4.642
incremental,binance,BTC/USDT,1700000101800,bid,,,99997.15,0.3939
incremental,binance,BTC/USDT,1700000101900,bid,,,99997.81,2.6665
incremental,binance,BTC/USDT,1700000102000,ask,,,100008.17,0.867
incremental,binance,BTC/USDT,1700000102100,bid,,,99996.4,0.7263
incremental,binance,BTC/USDT,1700000102200,bid,,,99994.27,1.4438
incremental,binance,BTC/USDT,1700000102300,bid,,,99981.97,0.9582
incremental,binance,BTC/USDT,1700000102400,bid,,,99999.85,1.7788
incremental,binance,BTC/USDT,1700000102500,ask,,,100022.39,3.4032
incremental,binance,BTC/USDT,1700000102600,bid,,,99998.72,1.7323
incremental,binance,BTC/USDT,1700000102700,ask,,,100012.44,0.0
incremental,binance,BTC/USDT,1700000102800,bid,,,99989.99,0.0
incremental,binance,BTC/USDT,1700000102900,ask,,,100007.52,1.1959
incremental,binance,BTC/USDT,1700000103000,bid,,,99995.39,1.8191
incremental,binance,BTC/USDT,1700000103100,ask,,,100009.01,0.6034
incremental,binance,BTC/USDT,1700000103200,ask,,,100007.1,3.995
incremental,binance,BTC/USDT,1700000103300,bid,,,99990.32,0.7687
incremental,binance,BTC/USDT,1700000103400,bid,,,99991.68,3.8539
incremental,binance,BTC/USDT,1700000103500,ask,,,100018.08,0.8055
incremental,binance,BTC/USDT,1700000103600,ask,,,100017.29,3.9309
incremental,binance,BTC/USDT,1700000103700,ask,,,100014.96,0.0
incremental,binance,BTC/USDT,1700000103800,bid,,,99995.26,3.6397
incremental,binance,BTC/USDT,1700000103900,ask,,,100004.27,0.0
incremental,binance,BTC/USDT,1700000104000,bid,,,99995.59,3.5566
incremental,binance,BTC/USDT,1700000104100,ask,,,100018.72,0.0
incremental,binance,BTC/USDT,1700000104200,ask,,,100015.69,4.6237
incremental,binance,BTC/USDT,1700000104300,bid,,,99997.77,0.7282
incremental,binance,BTC/USDT,1700000104400,bid,,,99989.51,2.602
incremental,binance,BTC/USDT,1700000104500,ask,,,100020.63,1.5194
incremental,binance,BTC/USDT,1700000104600,ask,,,100011.12,4.6305
incremental,binance,BTC/USDT,1700000104700,bid,,,99994.89,4.9041
incremental,binance,BTC/USDT,1700000104800,ask,,,100018.34,1.9929
incremental,binance,BTC/USDT,1700000104900,ask,,,100017.41,0.0
incremental,binance,BTC/USDT,1700000105000,bid,,,99986.37,0.4833
incremental,binance,BTC/USDT,1700000105100,ask,,,100015.48,1.9736
incremental,binance,BTC/USDT,1700000105200,bid,,,99993.35,4.3648
incremental,binance,BTC/USDT,1700000105300,ask,,,100007.17,4.8706
incremental,binance,BTC/USDT,1700000105400,ask,,,100005.01,0.0
incremental,binance,BTC/USDT,1700000105500,ask,,,100012.08,2.2628
incremental,binance,BTC/USDT,1700000105600,ask,,,100012.62,2.5356
incremental,binance,BTC/USDT,1700000105700,ask,,,100015.37,0.789
incremental,binance,BTC/USDT,1700000105800,ask,,,100007.29,0.4578
incremental,binance,BTC/USDT,1700000105900,ask,,,100021.77,1.5833
incremental,binance,BTC/USDT,1700000106000,ask,,,100007.45,2.5222
incremental,binance,BTC/USDT,1700000106100,ask,,,100023.55,0.6673
incremental,binance,BTC/USDT,1700000106200,ask,,,100020.83,2.682
incremental,binance,BTC/USDT,1700000106300,ask,,,100010.85,0.0
incremental,binance,BTC/USDT,1700000106400,bid,,,99993.64,4.2515
incremental,binance,BTC/USDT,1700000106500,ask,,,100023.22,3.5207
incremental,binance,BTC/USDT,1700000106600,ask,,,100009.23,2.9383
incremental,binance,BTC/USDT,1700000106700,bid,,,99996.13,4.7435
incremental,binance,BTC/USDT,1700000106800,ask,,,100018.7,2.3043
incremental,binance,BTC/USDT,1700000106900,ask,,,100020.42,0.7305
incremental,binance,BTC/USDT,1700000107000,ask,,,100016.5,2.0769
incremental,binance,BTC/USDT,1700000107100,bid,,,99994.86,0.0
incremental,binance,BTC/USDT,1700000107200,bid,,,99994.7,1.3758
incremental,binance,BTC/USDT,1700000107300,ask,,,100012.55,0.9364
incremental,binance,BTC/USDT,1700000107400,bid,,,99990.52,0.5065
incremental,binance,BTC/USDT,1700000107500,ask,,,100023.12,4.2848
incremental,binance,BTC/USDT,1700000107600,ask,,,100017.36,0.2489
incremental,binance,BTC/USDT,1700000107700,bid,,,99989.01,0.0
incremental,binance,BTC/USDT,1700000107800,ask,,,100019.81,0.486
incremental,binance,BTC/USDT,1700000107900,ask,,,100021.64,0.198
incremental,binance,BTC/USDT,1700000108000,ask,,,100007.31,0.6882
incremental,binance,BTC/USDT,1700000108100,ask,,,100016.45,4.8195
incremental,binance,BTC/USDT,1700000108200,bid,,,99994.74,2.185
incremental,binance,BTC/USDT,1700000108300,bid,,,99991.91,0.6061
incremental,binance,BTC/USDT,1700000108400,bid,,,99991.56,2.5547
incremental,binance,BTC/USDT,1700000108500,bid,,,99994.68,0.0
incremental,binance,BTC/USDT,1700000108600,bid,,,99991.51,2.9807
incremental,binance,BTC/USDT,1700000108700,ask,,,100013.58,4.9721
incremental,binance,BTC/USDT,1700000108800,bid,,,99999.85,0.0
incremental,binance,BTC/USDT,1700000108900,ask,,,100014.4,0.0
incremental,binance,BTC/USDT,1700000109000,ask,,,100016.65,2.5136
snapshot,binance,BTC/USDT,1700000109100,,"[[100000.06, 0.2196], [99997.54, 1.7704], [99996.67, 3.9156], [99992.11, 1.5375], [99990.28, 3.2895], [99992.27, 1.2445], [99984.96, 3.4086], [99988.02, 3.2056], [99983.01, 1.8234], [99983.86, 0.4065]]","[[100000.07, 1.1707], [100001.84, 1.1386], [100004.27, 0.9957], [100008.21, 2.1117], [100009.27, 4.251], [100008.5, 0.7482], [100007.23, 3.9107], [100011.55, 3.6902], [100017.92, 0.7969], [100013.7, 0.2674]]",,
incremental,binance,BTC/USDT,1700000109200,bid,,,100000.06,0.0
incremental,binance,BTC/USDT,1700000109300,ask,,,100000.07,0.0
incremental,binance,BTC/USDT,1700000109400,bid,,,99996.43,0.5658
incremental,binance,BTC/USDT,1700000109500,ask,,,100002.33,0.2951
incremental,binance,BTC/USDT,1700000109600,ask,,,100005.82,4.5464
incremental,binance,BTC/USDT,1700000109700,ask,,,100003.24,0.9719
incremental,binance,BTC/USDT,1700000109800,ask,,,100009.33,4.8644
incremental,binance,BTC/USDT,1700000109900,bid,,,99989.22,4.3748
incremental,binance,BTC/USDT,1700000110000,ask,,,100017.63,2.8555
incremental,binance,BTC/USDT,1700000110100,ask,,,100016.93,4.3375
incremental,binance,BTC/USDT,1700000110200,bid,,,99996.67,0.0
incremental,binance,BTC/USDT,1700000110300,bid,,,99992.79,4.0176
incremental,binance,BTC/USDT,1700000110400,bid,,,99982.95,1.5959
incremental,binance,BTC/USDT,1700000110500,ask,,,100017.48,1.7611
incremental,binance,BTC/USDT,1700000110600,bid,,,99994.71,4.6471
incremental,binance,BTC/USDT,1700000110700,ask,,,100015.1,2.3956
incremental,binance,BTC/USDT,1700000110800,bid,,,99989.56,1.9775
incremental,binance,BTC/USDT,1700000110900,ask,,,100002.41,4.4348
incremental,binance,BTC/USDT,1700000111000,ask,,,100011.81,0.1438
incremental,binance,BTC/USDT,1700000111100,ask,,,100017.92,0.0
incremental,binance,BTC/USDT,1700000111200,ask,,,100016.0,3.7358
incremental,binance,BTC/USDT,1700000111300,bid,,,99986.66,4.0919
incremental,binance,BTC/USDT,1700000111400,ask,,,100013.64,4.9388
incremental,binance,BTC/USDT,1700000111500,bid,,,99981.82,4.244
incremental,binance,BTC/USDT,1700000111600,ask,,,100003.85,4.8531
incremental,binance,BTC/USDT,1700000111700,bid,,,99985.39,0.3924
incremental,binance,BTC/USDT,1700000111800,ask,,,100003.41,2.8995
incremental,binance,BTC/USDT,1700000111900,bid,,,99993.11,2.2005
incremental,binance,BTC/USDT,1700000112000,bid,,,99982.34,0.9103
incremental,binance,BTC/USDT,1700000112100,bid,,,99986.89,3.6029
incremental,binance,BTC/USDT,1700000112200,bid,,,99985.91,1.9295
incremental,binance,BTC/USDT,1700000112300,ask,,,100014.19,0.207
incremental,binance,BTC/USDT,1700000112400,ask,,,100010.59,3.4114
incremental,binance,BTC/USDT,1700000112500,bid,,,99987.58,2.1465
incremental,binance,BTC/USDT,1700000112600,bid,,,99989.22,0.0
incremental,binance,BTC/USDT,1700000112700,ask,,,100015.76,3.1681
incremental,binance,BTC/USDT,1700000112800,bid,,,99983.21,0.8879
incremental,binance,BTC/USDT,1700000112900,bid,,,99993.58,3.2804
incremental,binance,BTC/USDT,1700000113000,bid,,,99987.58,0.0
incremental,binance,BTC/USDT,1700000113100,ask,,,100001.84,0.0
incremental,binance,BTC/USDT,1700000113200,ask,,,100013.44,4.9057
incremental,binance,BTC/USDT,1700000113300,bid,,,99992.79,0.0
incremental,binance,BTC/USDT,1700000113400,bid,,,99992.11,0.0
incremental,binance,BTC/USDT,1700000113500,bid,,,99997.54,0.0
incremental,binance,BTC/USDT,1700000113600,bid,,,99992.97,2.1716
incremental,binance,BTC/USDT,1700000113700,ask,,,100017.88,2.7446
incremental,binance,BTC/USDT,1700000113800,ask,,,100013.57,3.5134
incremental,binance,BTC/USDT,1700000113900,bid,,,99987.57,1.4744
incremental,binance,BTC/USDT,1700000114000,bid,,,99987.57,0.0
incremental,binance,BTC/USDT,1700000114100,bid,,,99984.0,2.8462
incremental,binance,BTC/USDT,1700000114200,ask,,,100008.21,0.0
incremental,binance,BTC/USDT,1700000114300,ask,,,100008.09,3.4367
incremental,binance,BTC/USDT,1700000114400,bid,,,99985.41,0.7293
incremental,binance,BTC/USDT,1700000114500,ask,,,100016.83,0.8983
incremental,binance,BTC/USDT,1700000114600,ask,,,100016.93,0.0
incremental,binance,BTC/USDT,1700000114700,ask,,,100010.27,4.9122
incremental,binance,BTC/USDT,1700000114800,ask,,,100012.6,0.1952
incremental,binance,BTC/USDT,1700000114900,ask,,,100001.15,2.9349
incremental,binance,BTC/USDT,1700000115000,bid,,,99986.89,0.0
incremental,binance,BTC/USDT,1700000115100,bid,,,99983.84,4.3486
incremental,binance,BTC/USDT,1700000115200,bid,,,99993.11,0.0
incremental,binance,BTC/USDT,1700000115300,bid,,,99983.02,2.5197
incremental,binance,BTC/USDT,1700000115400,bid,,,99982.35,2.3231
incremental,binance,BTC/USDT,1700000115500,ask,,,100013.87,2.7376
incremental,binance,BTC/USDT,1700000115600,bid,,,99992.27,0.0
incremental,binance,BTC/USDT,1700000115700,bid,,,99982.28,1.1676
incremental,binance,BTC/USDT,1700000115800,bid,,,99993.61,3.3397
incremental,binance,BTC/USDT,1700000115900,bid,,,99989.72,2.4723
incremental,binance,BTC/USDT,1700000116000,ask,,,100008.84,1.67
incremental,binance,BTC/USDT,1700000116100,ask,,,100019.1,2.4519
incremental,binance,BTC/USDT,1700000116200,ask,,,100004.33,4.5269
incremental,binance,BTC/USDT,1700000116300,ask,,,100016.7,0.4831
incremental,binance,BTC/USDT,1700000116400,ask,,,100008.05,3.1488
incremental,binance,BTC/USDT,1700000116500,bid,,,99989.22,3.837
incremental,binance,BTC/USDT,1700000116600,bid,,,99981.66,0.1569
incremental,binance,BTC/USDT,1700000116700,bid,,,99988.73,4.0833
incremental,binance,BTC/USDT,1700000116800,bid,,,99981.11,3.1166
incremental,binance,BTC/USDT,1700000116900,ask,,,100006.58,3.2457
incremental,binance,BTC/USDT,1700000117000,ask,,,100006.93,0.7622
incremental,binance,BTC/USDT,1700000117100,bid,,,99989.35,3.3706
incremental,binance,BTC/USDT,1700000117200,bid,,,99986.67,2.707
incremental,binance,BTC/USDT,1700000117300,ask,,,100010.63,3.7571
incremental,binance,BTC/USDT,1700000117400,bid,,,99989.76,4.241
incremental,binance,BTC/USDT,1700000117500,ask,,,100002.63,4.1214
incremental,binance,BTC/USDT,1700000117600,bid,,,99981.67,4.4152
incremental,binance,BTC/USDT,1700000117700,bid,,,99981.05,4.7636
incremental,binance,BTC/USDT,1700000117800,bid,,,99991.69,4.621
incremental,binance,BTC/USDT,1700000117900,bid,,,99982.95,0.0
incremental,binance,BTC/USDT,1700000118000,bid,,,99989.09,1.5412
incremental,binance,BTC/USDT,1700000118100,ask,,,100017.94,3.6801
incremental,binance,BTC/USDT,1700000118200,ask,,,100004.56,2.1281
incremental,binance,BTC/USDT,1700000118300,ask,,,100004.41,1.2755
incremental,binance,BTC/USDT,1700000118400,ask,,,100005.03,0.3403
incremental,binance,BTC/USDT,1700000118500,ask,,,100013.08,1.313
incremental,binance,BTC/USDT,1700000118600,ask,,,100006.65,2.9344
incremental,binance,BTC/USDT,1700000118700,ask,,,100003.95,4.5211
incremental,binance,BTC/USDT,1700000118800,bid,,,99991.82,3.6415
incremental,binance,BTC/USDT,1700000118900,bid,,,99996.53,4.1232
incremental,binance,BTC/USDT,1700000119000,bid,,,99992.59,0.8895
incremental,binance,BTC/USDT,1700000119100,bid,,,99992.06,1.7424
incremental,binance,BTC/USDT,1700000119200,bid,,,99986.25,1.1709
incremental,binance,BTC/USDT,1700000119300,bid,,,99984.32,0.3606
incremental,binance,BTC/USDT,1700000119400,bid,,,99995.06,1.7238
incremental,binance,BTC/USDT,1700000119500,bid,,,99989.8,4.0466
incremental,binance,BTC/USDT,1700000119600,bid,,,99995.13,1.9162
incremental,binance,BTC/USDT,1700000119700,bid,,,99986.83,0.6887
incremental,binance,BTC/USDT,1700000119800,ask,,,100005.4,4.3953
incremental,binance,BTC/USDT,1700000119900,bid,,,99992.0,0.4549
incremental,binance,BTC/USDT,1700000120000,bid,,,99985.09,1.8887
incremental,binance,BTC/USDT,1700000120100,bid,,,99992.1,1.5266
incremental,binance,BTC/USDT,1700000120200,ask,,,100007.31,1.6076
incremental,binance,BTC/USDT,1700000120300,ask,,,100017.21,2.5386
incremental,binance,BTC/USDT,1700000120400,ask,,,100004.15,2.136
incremental,binance,BTC/USDT,1700000120500,ask,,,100010.63,0.0
incremental,binance,BTC/USDT,1700000120600,bid,,,99984.14,4.1661
incremental,binance,BTC/USDT,1700000120700,ask,,,100001.15,0.0
incremental,binance,BTC/USDT,1700000120800,bid,,,99980.62,2.8437
incremental,binance,BTC/USDT,1700000120900,ask,,,100009.17,0.1207
incremental,binance,BTC/USDT,1700000121000,bid,,,99989.35,0.0
incremental,binance,BTC/USDT,1700000121100,ask,,,100013.55,1.9108
incremental,binance,BTC/USDT,1700000121200,bid,,,99986.83,0.0
incremental,binance,BTC/USDT,1700000121300,bid,,,99982.28,0.0
incremental,binance,BTC/USDT,1700000121400,bid,,,99995.09,4.9268
incremental,binance,BTC/USDT,1700000121500,ask,,,100010.05,3.9706
incremental,binance,BTC/USDT,1700000121600,bid,,,99981.11,0.0
incremental,binance,BTC/USDT,1700000121700,ask,,,100007.31,0.0
incremental,binance,BTC/USDT,1700000121800,ask,,,100003.6,1.858
incremental,binance,BTC/USDT,1700000121900,ask,,,100004.43,2.5346
incremental,binance,BTC/USDT,1700000122000,ask,,,100017.23,4.9463
incremental,binance,BTC/USDT,1700000122100,bid,,,99983.58,4.2262
incremental,binance,BTC/USDT,1700000122200,ask,,,100017.06,2.4115
incremental,binance,BTC/USDT,1700000122300,ask,,,100010.05,0.9764
incremental,binance,BTC/USDT,1700000122400,ask,,,100020.38,0.8482
incremental,binance,BTC/USDT,1700000122500,bid,,,99995.21,0.1404
incremental,binance,BTC/USDT,1700000122600,bid,,,99983.51,2.3217
incremental,binance,BTC/USDT,1700000122700,bid,,,99992.94,4.0792
incremental,binance,BTC/USDT,1700000122800,bid,,,99986.17,1.1558
incremental,binance,BTC/USDT,1700000122900,bid,,,99998.09,0.4364
incremental,binance,BTC/USDT,1700000123000,ask,,,100008.18,1.6329
incremental,binance,BTC/USDT,1700000123100,bid,,,99984.14,0.0
incremental,binance,BTC/USDT,1700000123200,bid,,,99991.18,2.632
incremental,binance,BTC/USDT,1700000123300,ask,,,100008.8,0.6003
incremental,binance,BTC/USDT,1700000123400,ask,,,100002.33,0.0
incremental,binance,BTC/USDT,1700000123500,ask,,,100002.41,0.0
incremental,binance,BTC/USDT,1700000123600,bid,,,99981.82,0.0
incremental,binance,BTC/USDT,1700000123700,ask,,,100002.63,0.0
incremental,binance,BTC/USDT,1700000123800,bid,,,99994.71,0.0
incremental,binance,BTC/USDT,1700000123900,bid,,,99992.49,2.8368
incremental,binance,BTC/USDT,1700000124000,ask,,,100003.24,0.0
incremental,binance,BTC/USDT,1700000124100,ask,,,100007.9,0.3912
incremental,binance,BTC/USDT,1700000124200,ask,,,100005.89,3.2104
incremental,binance,BTC/USDT,1700000124300,ask,,,100012.77,0.2701
incremental,binance,BTC/USDT,1700000124400,bid,,,99991.88,2.419
incremental,binance,BTC/USDT,1700000124500,ask,,,100005.07,4.492
incremental,binance,BTC/USDT,1700000124600,ask,,,100014.22,2.1347
incremental,binance,BTC/USDT,1700000124700,ask,,,100007.87,0.1752
incremental,binance,BTC/USDT,1700000124800,ask,,,100015.12,0.8135
incremental,binance,BTC/USDT,1700000124900,bid,,,99982.35,0.0
incremental,binance,BTC/USDT,1700000125000,ask,,,100012.47,2.4025
incremental,binance,BTC/USDT,1700000125100,bid,,,99982.09,0.6425
incremental,binance,BTC/USDT,1700000125200,bid,,,99983.91,0.8851
incremental,binance,BTC/USDT,1700000125300,bid,,,99982.09,0.0
incremental,binance,BTC/USDT,1700000125400,bid,,,99992.86,2.3094
incremental,binance,BTC/USDT,1700000125500,ask,,,100010.27,0.0
incremental,binance,BTC/USDT,1700000125600,ask,,,100014.46,2.2578
incremental,binance,BTC/USDT,1700000125700,bid,,,99993.73,4.4398
incremental,binance,BTC/USDT,1700000125800,bid,,,99985.14,2.9337
incremental,binance,BTC/USDT,1700000125900,ask,,,100022.58,3.2387
incremental,binance,BTC/USDT,1700000126000,ask,,,100005.07,0.0
incremental,binance,BTC/USDT,1700000126100,bid,,,99991.55,0.5329
incremental,binance,BTC/USDT,1700000126200,ask,,,100022.07,4.0841
incremental,binance,BTC/USDT,1700000126300,ask,,,100003.41,0.0
incremental,binance,BTC/USDT,1700000126400,ask,,,100021.26,2.7964
incremental,binance,BTC/USDT,1700000126500,bid,,,99984.57,0.5224
incremental,binance,BTC/USDT,1700000126600,bid,,,99983.21,0.0
incremental,binance,BTC/USDT,1700000126700,bid,,,99990.03,1.7354
incremental,binance,BTC/USDT,1700000126800,ask,,,100012.64,1.148
incremental,binance,BTC/USDT,1700000126900,bid,,,99986.17,0.0
incremental,binance,BTC/USDT,1700000127000,ask,,,100015.06,1.1665
incremental,binance,BTC/USDT,1700000127100,ask,,,100017.38,1.8388
incremental,binance,BTC/USDT,1700000127200,bid,,,99993.07,0.6922
incremental,binance,BTC/USDT,1700000127300,bid,,,99987.07,1.1616
incremental,binance,BTC/USDT,1700000127400,bid,,,99991.82,0.0
incremental,binance,BTC/USDT,1700000127500,bid,,,99997.89,1.2277
incremental,binance,BTC/USDT,1700000127600,ask,,,100013.26,0.4827
incremental,binance,BTC/USDT,1700000127700,ask,,,100022.18,2.1037
incremental,binance,BTC/USDT,1700000127800,bid,,,99984.39,4.0767
incremental,binance,BTC/USDT,1700000127900,bid,,,99992.39,4.6296
incremental,binance,BTC/USDT,1700000128000,bid,,,99987.07,0.0
incremental,binance,BTC/USDT,1700000128100,bid,,,99992.53,1.5118
incremental,binance,BTC/USDT,1700000128200,bid,,,99990.59,2.6634
incremental,binance,BTC/USDT,1700000128300,bid,,,99983.39,3.8406
incremental,binance,BTC/USDT,1700000128400,ask,,,100012.59,2.3115
incremental,binance,BTC/USDT,1700000128500,ask,,,100008.09,0.0
incremental,binance,BTC/USDT,1700000128600,bid,,,99983.53,2.9083
incremental,binance,BTC/USDT,1700000128700,ask,,,100004.66,2.4375
incremental,binance,BTC/USDT,1700000128800,bid,,,99994.39,0.6701
incremental,binance,BTC/USDT,1700000128900,bid,,,99992.83,4.54
incremental,binance,BTC/USDT,1700000129000,ask,,,100014.19,1.9767
incremental,binance,BTC/USDT,1700000129100,ask,,,100013.87,0.0
incremental,binance,BTC/USDT,1700000129200,ask,,,100004.46,0.5927
incremental,binance,BTC/USDT,1700000129300,ask,,,100017.74,1.4184
incremental,binance,BTC/USDT,1700000129400,ask,,,100008.59,1.2921
incremental,binance,BTC/USDT,1700000129500,ask,,,100020.51,3.1608
incremental,binance,BTC/USDT,1700000129600,ask,,,100004.15,0.0
incremental,binance,BTC/USDT,1700000129700,ask,,,100017.31,3.4447
incremental,binance,BTC/USDT,1700000129800,ask,,,100018.97,1.2839
incremental,binance,BTC/USDT,1700000129900,ask,,,100012.54,0.1722
incremental,binance,BTC/USDT,1700000130000,bid,,,99986.11,1.3749
incremental,binance,BTC/USDT,1700000130100,bid,,,99998.18,2.677
incremental,binance,BTC/USDT,1700000130200,ask,,,100018.57,3.9031
incremental,binance,BTC/USDT,1700000130300,ask,,,100014.29,3.4893
incremental,binance,BTC/USDT,1700000130400,ask,,,100018.28,0.9634
incremental,binance,BTC/USDT,1700000130500,ask,,,100005.08,2.4274
incremental,binance,BTC/USDT,1700000130600,ask,,,100008.12,3.2287
incremental,binance,BTC/USDT,1700000130700,ask,,,100015.06,0.0
incremental,binance,BTC/USDT,1700000130800,bid,,,99980.62,0.0
incremental,binance,BTC/USDT,1700000130900,bid,,,99983.27,2.0754
incremental,binance,BTC/USDT,1700000131000,ask,,,100008.72,1.0666
incremental,binance,BTC/USDT,1700000131100,bid,,,99981.5,1.3138
incremental,binance,BTC/USDT,1700000131200,ask,,,100021.12,4.6571
incremental,binance,BTC/USDT,1700000131300,bid,,,99984.78,1.9093
incremental,binance,BTC/USDT,1700000131400,bid,,,99992.39,0.0
incremental,binance,BTC/USDT,1700000131500,bid,,,99983.02,0.0
incremental,binance,BTC/USDT,1700000131600,ask,,,100009.33,4.7829
incremental,binance,BTC/USDT,1700000131700,bid,,,99992.49,0.0
incremental,binance,BTC/USDT,1700000131800,ask,,,100016.9,3.4417
incremental,binance,BTC/USDT,1700000131900,bid,,,99987.11,0.388
incremental,binance,BTC/USDT,1700000132000,ask,,,100018.28,0.0
incremental,binance,BTC/USDT,1700000132100,ask,,,100018.03,0.4087
incremental,binance,BTC/USDT,1700000132200,bid,,,99991.2,3.7742
incremental,binance,BTC/USDT,1700000132300,bid,,,99989.83,4.5961
incremental,binance,BTC/USDT,1700000132400,ask,,,100017.2,4.5232
incremental,binance,BTC/USDT,1700000132500,ask,,,100014.83,2.6821
incremental,binance,BTC/USDT,1700000132600,bid,,,99993.78,2.088
incremental,binance,BTC/USDT,1700000132700,ask,,,100018.86,3.4327
incremental,binance,BTC/USDT,1700000132800,bid,,,99984.69,2.5115
incremental,binance,BTC/USDT,1700000132900,bid,,,99987.16,0.4947
incremental,binance,BTC/USDT,1700000133000,bid,,,99985.63,4.5422
incremental,binance,BTC/USDT,1700000133100,bid,,,99996.9,3.4246
incremental,binance,BTC/USDT,1700000133200,bid,,,99997.09,1.043
incremental,binance,BTC/USDT,1700000133300,ask,,,100017.2,0.0
incremental,binance,BTC/USDT,1700000133400,ask,,,100014.55,2.4952
incremental,binance,BTC/USDT,1700000133500,bid,,,99987.96,0.7795
incremental,binance,BTC/USDT,1700000133600,bid,,,99986.41,3.914
incremental,binance,BTC/USDT,1700000133700,ask,,,100005.55,3.1667
incremental,binance,BTC/USDT,1700000133800,ask,,,100013.47,0.3933
incremental,binance,BTC/USDT,1700000133900,ask,,,100003.6,0.0
incremental,binance,BTC/USDT,1700000134000,bid,,,99992.1,0.0
incremental,binance,BTC/USDT,1700000134100,bid,,,99997.75,4.4168
incremental,binance,BTC/USDT,1700000134200,bid,,,99995.73,0.5742
incremental,binance,BTC/USDT,1700000134300,ask,,,100005.55,0.0
incremental,binance,BTC/USDT,1700000134400,ask,,,100021.5,4.6014
incremental,binance,BTC/USDT,1700000134500,ask,,,100014.58,0.9909
incremental,binance,BTC/USDT,1700000134600,ask,,,100005.89,0.0
incremental,binance,BTC/USDT,1700000134700,bid,,,99993.17,0.73
incremental,binance,BTC/USDT,1700000134800,ask,,,100010.97,1.1164
incremental,binance,BTC/USDT,1700000134900,bid,,,99995.65,4.4554
incremental,binance,BTC/USDT,1700000135000,bid,,,99990.32,3.0718
incremental,binance,BTC/USDT,1700000135100,ask,,,100009.7,1.2781
incremental,binance,BTC/USDT,1700000135200,ask,,,100022.32,4.9127
incremental,binance,BTC/USDT,1700000135300,bid,,,99999.82,1.9392
incremental,binance,BTC/USDT,1700000135400,ask,,,100012.59,2.0403
incremental,binance,BTC/USDT,1700000135500,ask,,,100015.66,3.6379
incremental,binance,BTC/USDT,1700000135600,ask,,,100006.31,3.2822
incremental,binance,BTC/USDT,1700000135700,bid,,,99984.48,0.8396
incremental,binance,BTC/USDT,1700000135800,ask,,,100006.39,1.8018
incremental,binance,BTC/USDT,1700000135900,bid,,,99986.5,3.2738
incremental,binance,BTC/USDT,1700000136000,bid,,,99993.71,3.2748
incremental,binance,BTC/USDT,1700000136100,bid,,,99998.32,1.7956
incremental,binance,BTC/USDT,1700000136200,bid,,,99992.94,0.0
incremental,binance,BTC/USDT,1700000136300,bid,,,99983.82,4.3653
incremental,binance,BTC/USDT,1700000136400,ask,,,100007.74,0.8692
incremental,binance,BTC/USDT,1700000136500,ask,,,100012.23,1.0651
incremental,binance,BTC/USDT,1700000136600,ask,,,100021.83,2.0806
incremental,binance,BTC/USDT,1700000136700,ask,,,100003.85,0.0
incremental,binance,BTC/USDT,1700000136800,bid,,,99993.61,0.0
incremental,binance,BTC/USDT,1700000136900,bid,,,99989.44,1.0846
incremental,binance,BTC/USDT,1700000137000,ask,,,100014.31,4.8094
incremental,binance,BTC/USDT,1700000137100,ask,,,100003.95,0.0
incremental,binance,BTC/USDT,1700000137200,ask,,,100023.51,0.7633
incremental,binance,BTC/USDT,1700000137300,bid,,,100000.49,2.4967
incremental,binance,BTC/USDT,1700000137400,ask,,,100004.27,0.0
incremental,binance,BTC/USDT,1700000137500,ask,,,100004.33,0.0
incremental,binance,BTC/USDT,1700000137600,bid,,,99994.8,2.3097
incremental,binance,BTC/USDT,1700000137700,ask,,,100004.56,0.0
incremental,binance,BTC/USDT,1700000137800,ask,,,100004.41,0.0
incremental,binance,BTC/USDT,1700000137900,ask,,,100004.43,0.0
incremental,binance,BTC/USDT,1700000138000,ask,,,100004.66,0.0
incremental,binance,BTC/USDT,1700000138100,ask,,,100004.46,0.0
incremental,binance,BTC/USDT,1700000138200,ask,,,100011.2,1.3544
incremental,binance,BTC/USDT,1700000138300,ask,,,100009.05,2.7282
incremental,binance,BTC/USDT,1700000138400,ask,,,100005.03,0.0
incremental,binance,BTC/USDT,1700000138500,ask,,,100005.08,0.0
incremental,binance,BTC/USDT,1700000138600,ask,,,100007.23,0.0
incremental,binance,BTC/USDT,1700000138700,ask,,,100015.33,4.501
incremental,binance,BTC/USDT,1700000138800,ask,,,100012.03,2.8226
incremental,binance,BTC/USDT,1700000138900,ask,,,100005.4,0.0
incremental,binance,BTC/USDT,1700000139000,ask,,,100014.46,0.0
incremental,binance,BTC/USDT,1700000139100,ask,,,100005.82,0.0
incremental,binance,BTC/USDT,1700000139200,bid,,,99987.86,1.3991
incremental,binance,BTC/USDT,1700000139300,bid,,,99989.63,4.7801
incremental,binance,BTC/USDT,1700000139400,ask,,,100006.31,0.0
incremental,binance,BTC/USDT,1700000139500,ask,,,100006.39,0.0
incremental,binance,BTC/USDT,1700000139600,bid,,,99989.99,4.804
incremental,binance,BTC/USDT,1700000139700,ask,,,100010.32,2.25
incremental,binance,BTC/USDT,1700000139800,ask,,,100020.24,0.8324
incremental,binance,BTC/USDT,1700000139900,ask,,,100013.31,0.4549
incremental,binance,BTC/USDT,1700000140000,ask,,,100006.58,0.0
incremental,binance,BTC/USDT,1700000140100,ask,,,100014.51,3.3552
incremental,binance,BTC/USDT,1700000140200,ask,,,100006.65,0.0
incremental,binance,BTC/USDT,1700000140300,bid,,,100001.83,1.066
incremental,binance,BTC/USDT,1700000140400,ask,,,100010.84,3.4451
incremental,binance,BTC/USDT,1700000140500,bid,,,99989.63,4.0746
incremental,binance,BTC/USDT,1700000140600,ask,,,100012.57,4.0424
incremental,binance,BTC/USDT,1700000140700,bid,,,100002.09,1.4247
incremental,binance,BTC/USDT,1700000140800,ask,,,100010.17,2.6318
incremental,binance,BTC/USDT,1700000140900,bid,,,100000.19,0.592
incremental,binance,BTC/USDT,1700000141000,bid,,,99997.58,2.0124
incremental,binance,BTC/USDT,1700000141100,bid,,,99986.0,4.3087
incremental,binance,BTC/USDT,1700000141200,bid,,,99993.37,1.2585
incremental,binance,BTC/USDT,1700000141300,ask,,,100018.3,4.9273
incremental,binance,BTC/USDT,1700000141400,ask,,,100017.42,4.4284
incremental,binance,BTC/USDT,1700000141500,ask,,,100018.68,3.196
incremental,binance,BTC/USDT,1700000141600,bid,,,99990.35,4.5438
incremental,binance,BTC/USDT,1700000141700,bid,,,99991.84,0.5525
incremental,binance,BTC/USDT,1700000141800,ask,,,100008.43,1.0166
incremental,binance,BTC/USDT,1700000141900,ask,,,100016.31,1.2593
incremental,binance,BTC/USDT,1700000142000,ask,,,100016.46,0.2868
incremental,binance,BTC/USDT,1700000142100,ask,,,100015.73,3.3231
incremental,binance,BTC/USDT,1700000142200,bid,,,99997.16,3.5767
incremental,binance,BTC/USDT,1700000142300,bid,,,99997.58,0.0
incremental,binance,BTC/USDT,1700000142400,bid,,,99991.38,1.4476
incremental,binance,BTC/USDT,1700000142500,bid,,,99990.8,2.9031
incremental,binance,BTC/USDT,1700000142600,ask,,,100011.84,2.2951
incremental,binance,BTC/USDT,1700000142700,bid,,,99988.46,1.3702
incremental,binance,BTC/USDT,1700000142800,bid,,,99987.72,2.5498
incremental,binance,BTC/USDT,1700000142900,ask,,,100014.4,4.4453
incremental,binance,BTC/USDT,1700000143000,bid,,,99995.31,1.5389
incremental,binance,BTC/USDT,1700000143100,bid,,,99988.52,1.8445
incremental,binance,BTC/USDT,1700000143200,bid,,,99990.03,0.643
incremental,binance,BTC/USDT,1700000143300,bid,,,99992.59,0.0
incremental,binance,BTC/USDT,1700000143400,bid,,,99986.19,3.7402
incremental,binance,BTC/USDT,1700000143500,ask,,,100013.86,3.3436
incremental,binance,BTC/USDT,1700000143600,ask,,,100015.17,4.2933
incremental,binance,BTC/USDT,1700000143700,ask,,,100008.74,2.4323
incremental,binance,BTC/USDT,1700000143800,ask,,,100020.4,2.5136
incremental,binance,BTC/USDT,1700000143900,bid,,,99985.48,1.6027
incremental,binance,BTC/USDT,1700000144000,ask,,,100015.12,0.0
incremental,binance,BTC/USDT,1700000144100,ask,,,100022.14,4.2264
incremental,binance,BTC/USDT,1700000144200,ask,,,100017.34,1.614
incremental,binance,BTC/USDT,1700000144300,ask,,,100014.31,0.0
incremental,binance,BTC/USDT,1700000144400,bid,,,99993.05,4.4441
incremental,binance,BTC/USDT,1700000144500,bid,,,99996.9,0.0
incremental,binance,BTC/USDT,1700000144600,bid,,,99985.11,3.4889
incremental,binance,BTC/USDT,1700000144700,bid,,,99987.32,4.6719
incremental,binance,BTC/USDT,1700000144800,bid,,,99985.74,4.8423
incremental,binance,BTC/USDT,1700000144900,ask,,,100023.36,2.7935
incremental,binance,BTC/USDT,1700000145000,bid,,,99984.82,3.3181
incremental,binance,BTC/USDT,1700000145100,bid,,,99996.44,0.2659
incremental,binance,BTC/USDT,1700000145200,bid,,,99996.35,0.7878
incremental,binance,BTC/USDT,1700000145300,bid,,,99990.05,1.581
incremental,binance,BTC/USDT,1700000145400,ask,,,100012.42,3.0211
incremental,binance,BTC/USDT,1700000145500,bid,,,99985.93,2.9387
incremental,binance,BTC/USDT,1700000145600,ask,,,100021.85,4.7715
incremental,binance,BTC/USDT,1700000145700,bid,,,99986.99,2.0301
incremental,binance,BTC/USDT,1700000145800,bid,,,99999.9,2.9606
incremental,binance,BTC/USDT,1700000145900,ask,,,100012.03,0.0
incremental,binance,BTC/USDT,1700000146000,ask,,,100019.1,1.6254
incremental,binance,BTC/USDT,1700000146100,bid,,,99994.91,1.8928
incremental,binance,BTC/USDT,1700000146200,ask,,,100010.75,1.0477
incremental,binance,BTC/USDT,1700000146300,ask,,,100020.33,2.975
incremental,binance,BTC/USDT,1700000146400,ask,,,100011.92,4.345
incremental,binance,BTC/USDT,1700000146500,bid,,,100002.09,0.0
incremental,binance,BTC/USDT,1700000146600,ask,,,100013.86,0.0
incremental,binance,BTC/USDT,1700000146700,ask,,,100007.49,3.5503
incremental,binance,BTC/USDT,1700000146800,bid,,,99996.0,2.9463
incremental,binance,BTC/USDT,1700000146900,bid,,,99982.86,2.9864
incremental,binance,BTC/USDT,1700000147000,bid,,,99992.83,0.0
incremental,binance,BTC/USDT,1700000147100,ask,,,100011.59,4.4662
incremental,binance,BTC/USDT,1700000147200,ask,,,100021.13,2.2957
incremental,binance,BTC/USDT,1700000147300,bid,,,99991.63,4.7296
incremental,binance,BTC/USDT,1700000147400,ask,,,100016.52,3.7871
incremental,binance,BTC/USDT,1700000147500,ask,,,100014.55,2.6917
incremental,binance,BTC/USDT,1700000147600,ask,,,100009.58,4.6087
incremental,binance,BTC/USDT,1700000147700,ask,,,100007.37,1.665
incremental,binance,BTC/USDT,1700000147800,ask,,,100023.43,4.0654
incremental,binance,BTC/USDT,1700000147900,ask,,,100013.43,2.875
incremental,binance,BTC/USDT,1700000148000,bid,,,99986.01,0.6348
incremental,binance,BTC/USDT,1700000148100,bid,,,99999.33,4.5056
incremental,binance,BTC/USDT,1700000148200,ask,,,100006.2,4.6574
incremental,binance,BTC/USDT,1700000148300,ask,,,100013.85,3.4282
incremental,binance,BTC/USDT,1700000148400,bid,,,99983.69,0.907
incremental,binance,BTC/USDT,1700000148500,bid,,,99989.72,0.0
incremental,binance,BTC/USDT,1700000148600,bid,,,99991.12,1.6832
incremental,binance,BTC/USDT,1700000148700,ask,,,100007.75,1.2269
incremental,binance,BTC/USDT,1700000148800,ask,,,100019.61,1.913
incremental,binance,BTC/USDT,1700000148900,bid,,,99986.18,1.7719
incremental,binance,BTC/USDT,1700000149000,bid,,,99997.4,0.8286
incremental,binance,BTC/USDT,1700000149100,bid,,,99986.5,0.0
incremental,binance,BTC/USDT,1700000149200,ask,,,100006.2,0.0
incremental,binance,BTC/USDT,1700000149300,bid,,,99998.43,0.2968
incremental,binance,BTC/USDT,1700000149400,bid,,,99994.61,4.4625
incremental,binance,BTC/USDT,1700000149500,bid,,,99995.5,3.2807
incremental,binance,BTC/USDT,1700000149600,bid,,,99987.0,4.7916
incremental,binance,BTC/USDT,1700000149700,ask,,,100016.09,1.3718
incremental,binance,BTC/USDT,1700000149800,bid,,,99986.52,3.7746
incremental,binance,BTC/USDT,1700000149900,bid,,,99988.96,4.4283
incremental,binance,BTC/USDT,1700000150000,bid,,,99986.24,1.5082
incremental,binance,BTC/USDT,1700000150100,ask,,,100019.45,0.2168
incremental,binance,BTC/USDT,1700000150200,bid,,,99994.54,0.3632
incremental,binance,BTC/USDT,1700000150300,ask,,,100020.98,1.843
incremental,binance,BTC/USDT,1700000150400,ask,,,100009.57,3.7801
incremental,binance,BTC/USDT,1700000150500,ask,,,100015.94,1.9656
incremental,binance,BTC/USDT,1700000150600,bid,,,99997.23,0.5723
incremental,binance,BTC/USDT,1700000150700,bid,,,99990.32,4.4867
incremental,binance,BTC/USDT,1700000150800,bid,,,99998.91,1.6159
